1170 1992
235 198 823 263 “STAR-DECORATINO" FEAST.—TIIE PALACE.
102 262 987 320 “ In the distress which followed the great war,* a Brahman
76 307 983 350 “ came to Khristna and Arjuna, complaining of the loss of his nine
73 348 983 401 “children. Khristna was silent, but Arjuna hearing the Brah¬
75 389 985 434 “ man’s wife was likely soon to become a mother, guaranteed the life
75 432 982 477 “ of the forthcoming infant, even by himself, if necessary, entering
76 467 986 507 “ the fire as a sacrifice to Yama, to save its existence. Khristna
76 506 982 551 “ rebuked Arjuna for his rash promise, and then took him to Vai¬
75 541 985 586 “ cont’ha, where the Brahman’s nine children were found seated in
75 584 985 625 “ Luchsmi’s lap. They were brought back to earth in a celestial
102 627 985 670 car, and descended at Tripoonterali, which was set apart as a holy
106 668 692 713 place, in the fifty first day of the Cali-yuga."
112 701 990 746 Once a year, ten days before the Ohnam, (about the middle of
79 747 983 787 August,) the Rajah goes in state, wearing his star, and attended by
81 783 991 820 all his native officials, from one palace to the other. This feast is
81 822 974 864 called the Uttum Chumium, Mal. or that of “ star decorating.
84 862 991 900 It is said to be held in commemoration of the day when the first
83 898 930 942 Cochin Rajah entered into possession of his Malabar dominions.
116 946 990 987 The palace (Colgaum,) is a curious pile of old buildings, entirely
79 983 990 1026 of native architecture : its small windows, narrow stairs, low passages,
79 1013 988 1062 and confined yards, are very differently formed to European ideas
87 1059 993 1102 of comfort. In some, rooms, doors, and large glass windows, have
83 1094 987 1139 evidently been introduced at a later date, than the erection of the
79 1134 991 1182 building. A guard is stationed at the gate, within which no low
81 1179 991 1223 caste person may enter. A covered passage reaches from the palace
81 1218 991 1258 to the gateway, but a screen or scarlet curtain prevents any passer¬
87 1253 991 1299 by from being able to gaze within. The entrance hall is square,
83 1299 987 1333 and lcads directly inte the room where the Rajah daily transacts
87 1333 991 1371 business and receives visitors. At one end is a swinging silver
84 1370 994 1417 cot and an almirah full of books, whilst pictures adorn the walls.
87 1410 993 1454 On the opposite side of the road is a handsome reception hall,
87 1452 994 1491 built by tlie Dutch, consisting of two very fine rooms, of elegant
87 1489 962 1538 proportions, and well lighted by means of large glazed windows.
116 1533 990 1577 In the immediate vicinity of the palace is a small bazaar (Pilla),
81 1567 994 1611 into which no person below the rank of a Nair may enter. (Native
87 1609 993 1651 Christians are admissible.) There is also a pagoda having a fine
83 1650 991 1692 tank and a large Ootooparrah where any Brahmans, should taey
270 1705 906 1746 * Mackenzie Manuscripts, Book No. 3. Countermark 896.
