1170 1992
298 219 768 281 COCHIN.— ERITISII RESIDENCY, &C.
83 276 988 331 1859.* All these edffices face the backwater, from which thcy
80 340 771 377 are divided by a road and a slight expanse of grass.
118 360 989 417 The backwater, dotted with islands, is here nearly two miles
83 410 995 450 across : whilst sea-wards, or to the westward, is the town of Cochin ;
87 444 992 494 a little to its north is perceived the opening of the Vypeen river,
87 481 994 527 with Vypeen itself, ncarly imbedded in trecs. To the W. N. W. is
88 512 993 564 the Island of Balghatty (Ponyekurra), on which is a bunga-
88 565 1000 606 low, where the British Resident lives when at Cochin, and
88 604 1000 649 on the summit of one of the highest trees is a flag staff, from
91 636 998 688 which floats the British ensign, when H. M.’s Representative is
93 680 998 730 present. A short distance to the rear of the Ernacollum Cut¬
95 720 1001 760 cherry is an upstairs durbar room, rarely made use of : it is a fine
95 760 998 802 building, of modern construction. There is a Travellers’ Bungalow,
96 795 995 842 also a straggling village and bazaar, containing rather a large popula¬
95 836 1005 879 tion, who are mostly Christians, (many of them being fishermen,) but
99 876 1003 922 Jews and Konkanies also reside there. There are two Roman
101 914 1005 956 Catholic Churches, one for Europeaus and Eurasians, and the other
95 959 1006 994 for natives: although close together, one is said to be situated at
99 995 997 1039 Korruthullay, theotherat Unjikaimul (meaning literally “ five nobles,
101 1035 1006 1074 or chieftains holding landed property). These names are said to be
99 1074 1012 1114 derived from five petty chiefs, all of whom, in ancient times, had a
99 1115 382 1167 share of Ernacollum.
140 1151 1010 1201 Vullarapully is a highly cultivated, populous, and bcautful little
103 1189 1010 1232 territory, lying along the northern bank of the Purreeaar river, which
103 1233 1013 1278 nearly surrounds it. This is a portion of the Allungaad district,
104 1273 1012 1308 obtained by the Travancore Rajah about 1762, at which period this
107 1310 1017 1361 small spot was retained, and on it stands the palace of one of the
110 1353 1018 1390 eldest Timbarans, or Ladies of the Cochin Rajah’s family. Passing up
110 1387 1020 1434 the Purreeaar river, above the much frequented sanitarinm of Alwaye,
110 1428 1018 1467 is Sherwurmh, where the Cochin Rajah has just completed a hand¬
107 1469 1026 1514 some palace, close to the nemains of a former one. It is situated on
112 1502 1026 1547 the brow of a low slope that overlooks the stream. Not far distant
113 1546 1024 1588 is a Christian village and Church: and near to this stands a pagoda
111 1586 1021 1631 of somc note, in the vicinity of which the Swinging Festival (Thoo-
149 1648 1025 1682 * In the first eleven years 2,008 in-patients were treated and dieted
110 1678 1026 1712 within this hospital, and 9000 received advice and medicine as out-patients.
110 1710 472 1761 Out of those treated, 123 died.
