1184 1992
333 238 888 282 ISLANDS, PONYEKURRA AND VENDOOUTY.
156 298 1066 345 kum, Mal.) is annually celebrated: when deluded Hindu devotees
159 346 1067 384 imagine they are propitiating the deity by having hooks passed
163 387 998 425 through the skin of their backs, and thus being swung around.
197 419 1067 464 Farther up the river is Maliatur, with its hill of the Cross
167 456 1067 507 (Crucemah.) It is considered by natives miraculous, that the timid
164 498 1066 541 wild ibex, from the neighbouring forests, come to this rocky place,
163 541 1067 586 wherc unmolested by all, thcy are regarded with wonder, and treated
163 578 356 624 with kindness.
195 614 1065 656 The Cochin division of the Statc is a maritime district: stretch¬
159 651 1067 694 ing along the coast for twenty six miles. It includes an arca of
167 690 1063 737 624 square miles, nearly 17 of which are under moist cultivation,
163 732 1066 773 21 arc covered with water, and the remainder by magnificent topes,
164 769 1070 815 gardens, and villages. This portion of the country, cursed by the
163 813 1061 850 Brahmans, as fit only for outcastes, and unsuited for their priestly
164 849 1067 883 race, unless Konkanies, thosc compelled to attend a pagoda, or
167 887 1067 923 serve in the Rajah’s Palacc, is singularly happy in its natural pro¬
164 926 1061 959 ductions, perhaps no portion of the globe is richer in useful vege¬
163 963 1067 1002 tation : whilst the fish in the sca and backwaters are innumerable.
163 1005 1066 1043 Hcre no tiger or wild beast can assail the inhabitants, very few
164 1041 1067 1084 Mammals, with the exception of jackalls and otters, having cver
164 1079 1066 1120 been seen along thesc sandy islands. It is sub-divided into
164 1119 1070 1167 Cochin, Sherria Anandapooram, Vypeen, Muluacaad ; and these
167 1154 921 1209 again into forty four portions termed Mooriesor villages.
198 1194 1070 1235 The Cochin sub-division, commences from the Vypeen river, and
163 1236 1069 1275 lies south of British Cochin : whilst to its east is the Island of
171 1273 1069 1315 Vendoorty, two milcs in length, and believed, according to tradition,
163 1309 1069 1355 to have been divided from the Island of Balghatty (Ponyekurra),
167 1349 1006 1388 which is now more than a mile distant, by ouly a small stream.
204 1387 1069 1429 It is asserted that a cocoanut leaf fell into this stream, when a
169 1425 1069 1465 woman, from each Island, rushed forward at the same timc and
162 1466 1068 1515 seized it : both held on, but at last tlie Vendoorty female let go,
163 1508 1073 1549 and the Island of Ponyckurra at once drifted away from its previous
166 1546 1069 1587 neighbour Vendoorty; the namcs of thesc Islands refer to this legend.
167 1580 1073 1624 Ponyekurra, meaning “came on this side,” and Vendoorty, “ left on
167 1618 308 1660 that side."
205 1643 1073 1698 This Island of Vendoorty in the time of the Portuguese formed a
169 1697 1073 1737 portion of the endowicnt of the Cathedral of St. Cruz, situated in
