1184 1992
383 226 786 270 CRUZ MIRABILE.—ST. TIIOMAS.
140 290 1032 330 to the effect that in that year the Vypeen river found its exit in the
140 335 1030 370 sea and Vypeen was formed : but such is impossible, as the river and
140 372 1032 417 the Sinus Colchicus, or large expanse of backwater, are mentioned
141 410 1029 456 by P’tolemy, and other writers, as existing auterior to their time.
146 453 1032 490 It is remarkable that the era of Colum, or Qnilon, which has been as¬
140 489 1032 537 serted to have originated at the building of that city, is proved by
141 526 1035 566 the Mackenzie M.S.S., to have reference only to a great religious
140 564 1036 607 festival, when water suddenly filled the tank. The era of Poothoo
144 602 1032 646 Veppoo, whieh Paoli mentions, as used in the Narrikal Church, may
144 642 1035 682 very possibly refer to the origin of the first Christian Church, built
140 681 1030 730 on the swampy, but saered, island of Vypeen. Certainly, according
140 722 1033 769 to the Kerula Ulpati, the land from Vypeen to Narrikal, in this year
144 756 1035 817 was first taxed, as being in a fit state for eultivation, which it was
146 801 339 844 not previously.
177 830 1037 879 Beyond Vypcen is Cruz Mirabile or the Wonderful Cross, a small
144 878 1034 918 wooden Church on the bauks of an estuary, formed by thie backwater
140 915 1036 959 and erected there after the ancient Church became submerged. There
140 955 1036 993 is a sandy ridge to its south, now frequently only 65 feet wide, over
146 992 1037 1032 which the sca occasionally breaks when the S. W. monsoon continues
141 1029 1033 1070 strongly, for some time before the freshes are well down: people
140 1069 1034 1112 have often been apprehensive of the formation of a new opening
140 1106 1033 1153 iere, which might cause the overflow of all the low inland paddy
140 1146 1033 1193 fields, besides ruining the Cochin out let. Various reasons have been
140 1193 1033 1231 assigned for the name of this Church; one being, that here the
147 1224 1035 1270 l'ortuguese cross was planted, as a symbol that they claimed
138 1267 1037 1303 suvereiguty over the country; and another, that St. Thomas
140 1304 1036 1341 luded here, and reared the eross himself. The next village is
144 1341 1035 1378 Malliapooram (Muliy paugum,) to which pertains aflag staff of the
140 1376 1036 1424 Cochin native Goverment, and a MasterAttendant. A sandy ridge
140 1418 1037 1465 near, is knowu as “ the old bar,” and probably a river once found its
140 1459 1032 1495 exit here. At 21 miles distance, WV. N. W., is the pagoda of Yellum¬
144 1498 1028 1542 gunnapullay, eelebrated for an amnal festival held there: whilst 1
140 1538 1036 1571 miles to its north, is Narrikal (Nharica), a Christian village, consist¬
146 1571 1033 1615 ing of a street rumming east and west, terminated by a church.A
141 1613 1039 1657 small palaee and pagoda are situated to the north. The sea is here
144 1650 1037 1694 smooth through the entire year, owingto a“ mud bank" that brcaks
146 1693 437 1745 the force of the wayes.
