1170 1992
386 238 667 278 RELIGIOUS LEGENDS.
71 290 977 347 Cranganore fort is N. N. W. 18 miles distant from Cochin. This
72 342 973 386 territory comprehends an area of 182 square miles, and is well
75 382 972 421 covered with cocoanut plantations and rice lands, though some por¬
71 425 970 463 tion is merely a sandy tract. It contains a celebrated pagoda, dedi¬
75 462 975 505 cated to Bhagavadi, where there is a door apparently of stone, but
71 499 974 544 fixed in a half-opeued position. A tradition is attached to this and
71 539 974 577 believed in by both Hindus and Christians, which asserts that St.
80 574 972 618 Thomas and Bhagavadi hield a discussion at Palliport, about the res¬
79 616 973 667 pective merits of the Christian and Hindu religions. Arguments
77 654 974 704 waxed warm, and Bhagavadi considering it best to cease further dis¬
72 696 975 733 cussions, decamped, and jumping across the Cranganore river, made
71 732 977 771 straight for thie pagoda. St. Thomas not to be outdone, rapidly
71 777 975 818 gave chase, and just as Bliagavadi got inside the door, the Saint
71 812 971 847 reaclied its outside, and setting his foot between it and the door
75 846 973 894 post, prevented its closing : there they both stood, until tlie door
71 886 977 929 turned to stone, one would not allow its being opened, nor the
77 923 450 974 other permit its being shut.
103 965 977 1006 At this pagoda the feast of Baranee is held in the middle of
75 1006 970 1040 March, when the Nairs and other Sudras offer up cocks to Bhagava¬
77 1046 970 1084 di, beseeching immunity from severe diseases during the suc¬
72 1081 970 1122 ceeding year. Near it is another pagoda, to which the Konka-
77 1120 974 1166 nies and the higlier castes resort for devotional purposes. The
72 1158 977 1197 number of devotees who come long distances to Cranganore is
71 1196 974 1235 remarkable : even the road to eternal bliss. in some portions of
72 1237 975 1278 Travancore is said to pass through this temple.* A large pagoda
71 1276 974 1314 sacred to Iuppen, the Hindu deity of the country, stands on a hill
71 1314 972 1358 near Cottayam : in it the Hindu god Iuppen, and the Maliomedan
71 1349 974 1393 Bawa, are alike objects of adoration, as it is asserted they are
71 1390 971 1431 bosom friends, living in the same place. From this the pilgrim
79 1433 971 1476 proceeds to St. Andrea, near Allepey, on the sea coast, where having
70 1470 977 1514 bathed, prayers are offered at this Christian shrine, for St. Andrew is
70 1515 972 1555 said to have becu a bosom friend of the other two : finally lie
77 1548 968 1590 proceeds to Cranganorc, where his wanderings are completed.
106 1607 964 1641 * In the Dutch records it is stated that Cranganore is deemed specially
68 1629 971 1667 sacred, on account of its having been built whilst Puresu Rama was on earth.
71 1663 974 1698 At Trichoor it is said the name Kudungaloor is merely a corruption of Kodi (a
71 1695 970 1730 crore), lingum (the Indian Phallus), oor (country). In the Kodungaloor, or
71 1728 720 1762 Cranganore pagoda, are numerous figures of the lingum.
