1159 1975
258 188 766 254 l'ALLYPURAM.— POLITICAI. INTRIGUES.
72 258 944 302 The Y'ainamakul division lies sonth west of Trichoor, separated
46 302 946 342 for abont 3rd of the distance by the lake, and for the remainder by a
45 333 949 377 small stream. It contains an area of about sixty six and a half
44 379 946 424 square miles, but nearly a quarter of this is occupied by the lake, and
44 411 947 462 a quarter of the remainder is under enltivation. The eastern portion
44 458 948 498 is uplands, the western, eocoanut plantations; the greater part of
49 493 953 536 the land between the sea and the lake is enltivated. It has four Pro¬
50 533 936 577 verties, lainamakul, Payringoatuenrra, Ooraghnin, and Arrumboor.
79 574 949 610 Pallypnram is a beantiful little spot of territory belonging to the
47 611 947 655 Rajah of Travancore, who obtained it amongst the Paroor lands : it
47 652 951 689 has a range of low bare topes, the most elcvated of which is
47 687 951 727 erowned by a pagoda. It lies on the borders of a narrow arm of the
50 728 949 777 lake, which forins its northern limits. Pallypuram itself is merely
50 765 766 810 an ancient pagoda, shaded by an immense banyan tree.
80 809 949 849 The Thaullapully division contains an area of 714 sqnare miles,
51 844 951 889 and consists of a succession of minute chains of hills, or rather slopes,
53 884 950 927 one-fourth of whieh is under cultivation. It is sub-divided into
47 924 950 964 four Proverties, Kunumkulumcurray, Choondul, Yecaul, and Chen¬
53 964 951 1009 gaullycotay, which include ninety four villages. Thaullapully in
51 1001 951 1046 1743* was divided amongst four chiefs termed Ainecootty,
53 1037 951 1083 Poonatoor, Manna-Colam, and Kacattoo : the last died away, and the
50 1078 953 1114 territory passed into the hands of the other three. The Aine¬
53 1116 956 1155 cootty Nambuddy was driven from his country in 1690, by Hen¬
47 1156 951 1201 drick Adriaan Van Rcede, who made it a present to the Samorin,
54 1198 954 1235 who privately resold it to its former ruler for 40,000 gold fanams.
53 1235 956 1275 In 1743 it was under the Rajah of Cochin, but the people were
53 1275 954 1318 said to be very fickle in their allegiance, and to be one day in favour
50 1314 954 1351 of the Cochin Rajah, and the next of the Samorin. The Poonatoor
51 1351 954 1394 chief owed allegianee to the Samorin, but was considered equally
53 1392 951 1433 inimical to him and to the Rajah of Cochin : he carried on an in¬
53 1429 956 1475 trigue with the French at Mahi for threc years, in hopes that they
51 1466 954 1506 would cnable him to shake off the Samorin’s yoke. Manna-Colam
55 1511 959 1555 was divided in its allegiance between the Samorin and the Rajah of
54 1548 590 1593 Cochin, and cansed considerable trouble.
86 1580 956 1631 Kunumkuluincurray may be considered the capital of the district,
54 1627 963 1667 and is one of the largest Christian towns in this part of Cochin : it
249 1680 775 1718 * Dutch Government Records of Cochin M.S.S.
