1170 1981
423 175 896 243 PROTESTANT CHURCH—SCHOOL, &C.
208 251 1094 299 is situated both on the summit and the declivity of a low hill, which
206 302 1097 349 is crowned by churches : amongst which at no great distance is that
208 339 1094 382 belonging to tlie Protestant Mission, the foundation stone of which
212 387 1091 422 was laid on March 26th, 1856. An English school, five vernacular
208 418 1094 457 schools for boys, and one for girls, are attached to the Mission. A
214 456 1098 491 distant view of this town gives a more favourable impression than
210 491 1092 529 is realized on a nearer approach. It contains about four hundred
208 532 1089 577 houses of a better class, two-thirds of which are inhabited by Sy-
205 571 1094 604 rians, and the remainder mostly by Romo-Syrians. This town was
204 606 1094 648 formerly surrounded by a bamboo hedge, and had two gates,
214 644 1090 686 which have either decayed or been destroyed. There is a good ba¬
208 686 1090 720 zaar, all the ordinary produce of the surrounding country is procur¬
208 726 1094 765 able, as well as many different kinds of cloths and plenty of grain,
210 764 1091 801 some of the neighbouring British districts are supplied from this ba¬
204 804 1094 840 zuar. A Travellers’ Bungalow and a Tannah are found here : but
205 837 595 884 the Cutcherry is at Kukkaad.
241 862 1090 918 Yecaul is a large scattered village, the temple of which prettily
210 916 1094 948 caps the summit of a low isolated rock. Chemmunthulthay has a
212 951 1093 993 handsome pagoda, and a population consisting almost entirely of
208 987 353 1026 Brahmans.
236 1022 1090 1070 Mooloorcurry, also called Irunaad, is a small district, containing
205 1067 1092 1112 an area of 261 square miles. In 1743 it was a free lordship, lying
205 1101 1094 1139 close to the Samorin’s territory : it is said* to have been in the
215 1141 1091 1185 possession of the Achens of Mannacode, but wrested from them by
205 1178 1088 1215 the Paliat Achen,f Dewan of Cochin, who retained it until 1869,
208 1220 1090 1258 when, on his rebelling against the British, it was assumed by the
212 1260 1088 1294 lajah of Cochin, and transferred by him to the Thaullapully di fision.
215 1294 1088 1339 rom that periad the Paliat Achen's family have been pensioned
210 1328 1091 1374 cut of the funds arising from it. This territory is divided in the
208 1369 1076 1414 centre by a low chain of hills, covered in places by small jungle
205 1403 578 1449 it is pretty fairly cultivated.
239 1444 1092 1480 The Trichoor, or Trichoowapayroor division, has been subject to
204 1483 1092 1527 many disputes, and in 1815 permanent marks were crected, definine
208 1517 1090 1561 is boundaries from those of the two neighbouring Achens. Thi¬
208 1561 1087 1594 division contains a superficial arca of 169 square miles, on
259 1598 744 1649 * Lieutenant Conners' and Ward's Report.
284 1638 1016 1682 † Achca now bears the signification of Saib in other parts of India.
