1162 1975
339 225 740 281 TRICHOOR.—RAJAH'S PALACE.
85 289 998 336 fifth of which is cultivated with paddy ; dense forests are
88 331 998 377 found in this district, and some of the lake is also within its limits,
85 370 999 415 the surface of which in the month of August is covered with the
88 410 994 478 beautiful blossoms of the sacred lotus, the seeds are eaten and con¬
88 461 526 499 sidered delicacies by the natives.
126 490 999 536 The large town of Trichoor is of great antiquity and sanctity, said to
88 532 998 578 have been founded by Puresu Rama, the sixth incarnation of Vishnu.
92 572 996 610 It has always been remarkable for its splendid pagoda, and college
88 621 1000 657 for the education of Namboorie youths. It is encompassed by a
90 650 996 690 ditch and earthen rampart, having parapets of the same material,
96 690 1000 730 which were erected in 1794, having an elevation of from 7 to 13
92 729 999 770 feet, and a breadth of about 15 feet, with a ditch along the outside
92 769 999 806 from 2 or 3 feet deep, to 10 or 12. On its west face it is 2,485 yards in
93 802 999 845 length : on its east, 1,925: its north, 3,190 : and on its south, 2860 :
92 847 999 887 giving a circumference of 4½/ miles. The Rajah’s palace may be called
93 886 992 922 the citadel of Trichoor, and is 310 by 200 yards : it has some bas¬
96 922 1000 962 tions, is entered by two strong gateways, and might be a sufficient
96 962 1000 1002 defence against cavalry. As the lines, or outer fortifications, have
93 1003 999 1042 never been completed, it is probable that either a want of funds, or
90 1040 1001 1083 a conviction of the inutility of the undertaking, induced the Rajah
96 1074 1000 1122 to discontinue it. It was evidently constructed to fortify the place
90 1122 1000 1157 against the Mysoreans, should they again descend on that portion of
93 1155 999 1200 India ; and its commencement may have been partly suggested by the
98 1193 999 1236 British Commissioners, who, in 1793, advised the native Princes to
96 1232 1003 1277 shake off their allegiance to the Mysoreaans, if possible. Most of
90 1275 1000 1315 the Christian population reside in a long street, near the Romo¬
98 1312 1006 1354 Syrian Church. On the highest portion of the town stands the
93 1352 999 1395 largest pagoda, with fine entrances—north, south, east, and west ;
93 1388 1003 1433 the gateways have a great deal of carving about them, with pent
93 1433 1007 1470 roofs. The building is an exceedingly picturesque object. There are
98 1468 1006 1515 good roads running along its four sides, and near it are several
93 1505 1003 1546 streets of Putter, or Potie Brahmans, who are almost entirely devoted
93 1550 1006 1590 to mercantile pursuits. Should low caste persons dare ro intrude
92 1587 1007 1633 iuto the west end of the town, amongst the residences of the higher
98 1627 976 1667 castes, they are liable to receive a good beating, and usually get it.
129 1668 1007 1713 The Rajah’s palace is a rather commodious upper storied build¬
96 1707 1006 1758 ing, partly of European architecture : it is situated on a gentle eleva¬
