1170 1981
312 215 778 259 SACRED COLLEGE.—SACRED FEAST.
118 215 168 273 18
114 270 1005 323 tion, commanding a fine view of a picturesque country, in which a
124 329 1004 373 person accustomed to the sea coast is struck by tlie dearthi of cocoa¬
114 366 1005 401 nut trees, aud the vast increase and luxuriance of the jack and
115 400 1010 446 banyan. The Residency, not far distant, is by no means a good
114 438 1005 474 building, it was formerly the private house of a conservator of for¬
114 480 753 515 ests, from whom it was purchased by the Sirkar.
151 517 1011 560 The small pagoda of Wurrukanadu is situated on a low eminencc,
115 559 1006 598 and surrounded by a high wall, which conceals it from prying eyes :
115 596 1005 640 a number of small temples are crowded within the sacred enclosure.
114 635 1009 681 The four turrets, marking its four entrances, are reputed to have
114 674 1009 713 cach been built by a different prince, namcly, the Hajahs of Cochin,
118 707 1005 747 Palghat, Calicut, and Travancorc. It is surrounded by a grove of teak
114 747 1005 791 trecs, whilst it is imbedded in, and partly conccaled by, the thick foli¬
114 787 1005 832 age of the wide spreading-banyan. Here also stands tlie sacred College,
114 827 1004 866 where Namboorie Brahmins, who are to be ordained for the minis¬
118 867 1008 902 try, learn to meditate for years in silence and solitude. In the month
115 906 1005 945 of May a large feast is celebrated, and votaries swarm into the place.
118 940 1008 986 Elephauts assist in the ceremonies; and disputes, and even affrays,
118 983 1005 1018 often occur, as to which idol has the right of precedence : in former
114 1021 1009 1058 times swords were frequently drawn and blood shed, before this
118 1054 562 1104 question of rank could be settled.
152 1090 1008 1137 Trichoor has a Zillah Court and a large Jail as well as a District
114 1135 1005 1169 Tannah. Supplies can liere be readily procured by travellers. A
120 1167 1009 1211 Captain’s Detachmeut of two companies of sepoys from Quilou
115 1210 1008 1250 is stationed lere, which gives off a small guard to Ernacollum, and
114 1251 1001 1290 another to Tripoonterah. The official residence of the Officer Con¬
114 1281 1012 1328 manding was formerly the bathing bungalow of the Rajah of Cochin,
118 1329 1010 1366 wlio thus employed it until the tank bencath was desecrated by the
118 1371 1007 1402 Mahomedans, who killed cows and threw them into the water :
120 1402 1009 1443 since which the house has been too polluted for any but a Euro¬
124 1439 1015 1490 pean or a very low caste native to live in ; but now, as the troops
118 1483 1004 1531 have been increased to two companies, the Dewan purposes charg¬
114 1519 1009 1558 ing rent for this polluted abode, so it is to be hoped that it has re¬
122 1559 1011 1595 covered its caste. Another house has lately been built for tlie
120 1595 1012 1634 Lieutenant. The spot now occupied by the barracks is said to be the
124 1633 1014 1680 site of the house for feeding Brahmans : and the small building
399 1690 773 1742 * The Cochin Native Government.
