1170 1981
365 224 781 288 CHAYLAYEKURRAY.—CHITTOOR.
127 234 178 267 20
124 289 1020 336 It is now a celebrated place amongst sportsmen, as large game is
127 330 1016 370 found in abundance, within an hour’s walk of the bungalow. It is
126 369 1015 417 necessary to take a guide, as a European is very liable to lose his
126 412 1016 450 road in these forests, and in that case would probably never
122 450 1018 494 be heard of again. The Botanist, and Zoologist, would find
124 492 1015 534 his time fully occupied here amidst the most beautiful scenery,
124 523 1012 576 » the greatest variety of animal and vegetable life, amongst which
122 561 1012 606 numerous species of magnificent trees and ferns flourish in rich
126 606 818 654 profusion. This district contains many large villages.
155 641 1010 689 The Chaylayekurray division is a frontier one, divided from Ma¬
117 686 1012 720 labar by the Poonecar river : it contains an area of 1674 square
117 722 1006 759 milcs, about 25 being under wet cultivation, and 12 with dry grain:
120 760 1012 795 thirty miles of it are plain slopes, the remainder hills and forests. It
117 796 1008 834 is divided into the Proverties of Chaylayekurray, Pullianoor, Mut-
126 838 1010 875 chat, and Moneduthecottay, containing 47 villages. Warrukkun-
120 879 1007 914 chairy is about 8 miles from Trichoor, on the road to Sheranoor.
118 913 1010 960 Therc is a small neat palace on the south bank of tlie river, and also
114 958 1008 990 an Ootooparrah about 13miles to the N. E. of this. At the foot of the
122 993 1009 1030 high hill of Uggumalla is a stone, on the road to Pullaynoor, at the
116 1026 1006 1075 temple in which place a ycarly festival is held to the liouschold deity
120 1069 1007 1105 of the Rajahs of Cochin, who arc unable to attend it because unles¬
117 1107 1005 1145 crowned (which they now never are) thcy cannot pass this stone.
149 1145 1008 1182 The Chittoor division is insulated by thé British Talooks of
116 1186 1009 1226 Malabar and Coimbatore. It is 15 miles in length from north
114 1226 1008 1265 to south, and has a medium breadtli of eight miles, with an area of
114 1259 1008 1314 118 square miles; cleven being of wet cultivation, fifteen of dry, and
114 1304 448 1348 about ten of plain slopes.
149 1334 1008 1387 Although the whole of tlic Cochin State has now been mentioned,
113 1380 1007 1424 two places belonging to Travancore require notice, which once formed
116 1419 373 1466 portions of Cochin.
146 1454 1008 1500 Passing up the river towards Alwaye is Verapoly, thie seat of the
116 1500 1006 1537 Carmelite Mission in these parts : it is situated on thie left bank of
110 1538 1006 1577 the river, 9 miles N. E. of Cochin, about a hundred yards from the
114 1572 1007 1614 river’s cdae, and only slightly raised above the level of thie tide. A
114 1614 1008 1651 number of cocoanut trees partially conceal its massive walls. The
116 1651 1009 1696 buildings occupy a large space of ground, and the Church was
117 1694 1006 1744 commenced about the year 1673, when the island on which it now
