1162 1975
265 199 858 249 MINIATURE ST. PETER’S.—CATHOLIC SCHOOL.
110 263 1006 313 stands was destitute both of honses and cultivation, and formed a
115 312 1004 355 portion of the territory of the Rajah of Cochin. The buildiug consists
110 351 1004 387 of three straight piles of masonry, all of which (excepting the
110 388 998 430 Church) are two or three stories high : their extremities face the
110 430 999 467 river’s bank. A passage along the centre, from nortli to south,
110 464 1004 513 forms a communication between various parts of tlie structure. The
115 503 999 546 Church is situated at the nortliem end of the building, and is a
112 544 999 584 miniature representation of St. Peter’s at Rome. It is perhaps the
112 584 999 624 most exquisite little building in this part of India. In its various
112 622 995 663 chapels are rude emblems of saints, and pictures of rather a primi¬
106 663 323 704 tive description.
141 698 1000 738 At the southern extremity of thie building, at its cast end, is a
110 740 998 782 school where about twenty native scholars reside, divided into two
106 781 990 824 classcs. Their appearance gives the impression of extreme content¬
106 815 999 857 ment. Their school rooms are large and airy, and their cots are
106 854 993 895 ranged along the sides of the same apartment, serving as seats by
108 895 990 938 day, and couches by night. The books from which they are educat
102 932 995 971 ed are either in tlie Latin or Malayalim tongues. At the castern
106 974 995 1008 end of the same pile of buildings is the refectory, the upper room
102 1007 995 1049 being appropriated by the Vicar and the other Europeans : and the
99 1038 817 1087 lower by the native Clergy, who also live in this range.
133 1080 990 1129 There does not appear to be any distinct library, but the Vicar
98 1120 995 1167 Apostolic, or Bishop, possesses some excellent works, and others
99 1164 995 1202 especially those written by the Carmelite Friars, may be seen in most
99 1198 992 1235 of tlie rooms. Some Protestant works are scattered about, labelled
98 1237 801 1278 “heretical,” but they do not appear to be prohibited.
131 1276 988 1314 The Bishop and the European Carmelites are dressed in suits of a
94 1315 987 1358 chocolate colour, the native Clergy in black, and those under train¬
94 1356 987 1390 ing in white. Their mode of life appcars very simple, and the effect
99 1391 703 1438 produced on the native mind is no doubt good.
125 1430 987 1471 The private rooms of the Bishop are nearly as plain as tlie rest of
94 1470 990 1508 the building. Altogether a visit to this place gives an impression that
94 1506 985 1550 these men could only leave their country and their friends to toil in
89 1550 985 1587 comparative poverty amongst strangers, and lay their benes in o
89 1583 980 1632 foreign land, under the firm conviction that their cause was a riglit¬
92 1623 980 1665 cous one. The amount tliey receive from Europe is said to be only
92 1664 980 1722 12,000 francs a year, or about five thousand Rupees, with which
