1159 1992
189 1597 1049 1631 * It cannot be supposed that increasing the depth of the bar, so as to
164 1628 1051 1661 permit larger vessels to enter the Cochin river, will increase the amount of
160 1658 1049 1692 produce shipped from the port. Any one who has seen the British harbours
158 1688 1056 1723 along the Western Coast, must be persuaded Cochin is far superior to any of
164 1720 291 1752 the others.
