1159 1992
199 1405 1051 1439 * See an account by Kookel keloo Nair in an interesting paper in the
150 1438 1054 1472 Madras Quarterly Journal of Literature and Science. Referring to this subject
154 1472 1052 1507 the writer observes that the Jains, or Bhuddists, "as a people, were settled in
150 1500 1056 1539 "Arabia, and many visited Malabar; the original name was Mahajain, and
152 1533 1052 1571 "became in time corrupted to Magains, or Magans. The Hindus through mis-
150 1566 1054 1607 "take call the Mussalmen also Bhuddists, and from this arose the idea, that
173 1602 720 1636 "the last of the Permauls became a Mahomedan."
181 1633 1054 1669 † The gowlees, (cowherds), in the Deccan, appear to belong to the same race
156 1670 1054 1704 as the people of Malabar, and have Canarese and Malayalam words, mixed up
158 1703 384 1733 with the Mahratta.
