1173 1973
152 1475 1036 1511 * The Ambassador became a Christian, and was knighted, by John III of
131 1509 1028 1544 Portugal, he was Christened "John of the Cross." On his return to Calicut,
125 1544 1036 1576 he was banished from the Court in disgrace, as a renegade from the religion of
131 1575 1038 1607 his fathers. In 1532 he joined the Parravars and at the head of a deputation
131 1605 1036 1638 of them came to Cochin, imploring the assistance of the Portuguese, against
129 1638 1036 1670 the Moors. All the embassage, (85 souls) turned Christians. A Portuguese
129 1669 1036 1701 fleet was sent to their relief when 20,000 of them immediately consented to be
129 1700 946 1732 baptised; ten years subsequently, Xavier organized a church for them.
