1167 1981
256 1523 1115 1561 * The Samorin was induced to join in an alliance with the Portuguese, his
229 1556 1115 1592 old enemies, against the Rajah of Cuneale, as the only effectual means he had
225 1586 1115 1621 of punishing one, who had taken upon himself, the titles of, King of the Mala-
231 1617 1121 1652 bar Moors, and Lord of the Indian seas, and who had also cruelly ill-treated
231 1648 816 1681 a Nair, and dared to cut off the tail of an elephant!
