1178 1989
102 1181 966 1215 * In 1757, Commandant de Jong, addressed some secret considerations to Ba-
78 1213 971 1246 tavia. He observes, that the principal object of the Dutch company, in expel-
74 1244 969 1276 ling the Portuguese from the Western Coast of India, was in order to become
78 1275 967 1307 the possessors of the pepper-trade, exclusive of every other nation. But the
78 1307 971 1337 bad faith of the Malabar princes, and the competition of European rivals, caus-
76 1336 969 1368 ed them much disappointment. Their competitors bought pepper as they
74 1368 973 1400 required it, always paying the market rate, or a little above it, whilst the Dutch
78 1397 969 1431 insisted upon the performance of the contracts at a low fixed rate, and that no
80 1429 969 1466 pepper should be disposed of, until they were served. The contracts mention
82 1460 969 1494 no fixed rate, but only speak of the market rate, as the rule to be adhered to.
86 1491 967 1525 The Dutch designated all trade with other parties contraband, and frequently
78 1523 969 1555 brought Military force to check it, this was expensive, and the Malabar com-
78 1553 494 1586 mand was almost invariably in debt.
102 1586 975 1620 In his memorial, he gives his opinion, that monopolies in this article, did
78 1617 969 1649 not exist before the advent of the Dutch, and were illegal combinations of the
78 1647 969 1680 rulers, as he hints for defrauding the people. The Portuguese obtained it he
78 1680 975 1712 remarks, from the Rajahs, but they only acted like brokers, between the owners
