1167 1981
206 1552 1059 1592 * The Dutch appear to have been generally kind to their allies, when fugi-
184 1589 1069 1623 tives; thus in May 1777 the Rajah of Cranganore, was granted Rupees 50 a
182 1618 1069 1654 Month : the eldest Payencharry Nair, Rupees 30 : and from September 1777 the
182 1651 1065 1689 Prince of Cartamana, Rupees 10 a Month : the same to be continued, so long
188 1682 474 1716 as they remained faithful.
