1167 1981
229 1447 1106 1485 * To give an idea of the presents which were exchanged, between the Dutch
204 1484 1100 1516 Governor, and the Rajah of Travancore, the following is inserted. Van Angel-
202 1517 1110 1549 beck wrote to the Rajah, September 30th, 1795, stating that he is transmitting
202 1548 1106 1580 the following things, which he trusts His Highness will accept as a proof of the
204 1579 1110 1611 Company's friendship. Two flasks of Cinnamon oil : two flasks of Clove oil : one
204 1611 1108 1644 case of Cloves: one piece of red Velvet: four pieces of Satin: one Carboy of
202 1644 1108 1676 rosewater : two reams of gilt edged paper: one pound of red sealing wax :
202 1675 511 1707 and four bundles of quills.
