1170 1975
113 1424 984 1460 * On the taking of Cochin, the following silver furniture was delivered up,
85 1457 984 1491 as the property of this Church: 1 font, 1 plate, 2 bread dishes, 2 waiters, 1 fun-
85 1489 976 1522 nel, 4 goblets, 68 cyphers and letters, 1 margin and 1 bell for the collecting
89 1518 982 1556 purse, a small font, and the brass stand of an hour glass, apparently employ-
85 1549 982 1585 ed for regulating the length of the sermons, but the glass unfortunately is bro-
85 1580 984 1614 ken : the cyphers appear to have been used, for marking the hymns on a board.
89 1611 982 1647 Besides these, there were various designations, for as many bags : so that sub-
85 1643 982 1676 scribers, knew whether their money was given to the Leper-hospital, the or-
95 1674 487 1710 phanage, the widows, or the poor.
