1184 1989
201 1398 1047 1432 * About this time the Roman Catholics of Calicut, were thrown into a state
159 1430 1045 1462 of great excitement, by a play which was acted by the Syrians. The principal
159 1459 1041 1493 characters represented by St. Thomas, and St. Peter, with St. Syriae as umpire.
157 1491 1047 1525 St. Thomas commenced by detailing an account of St. Peter and himself,
161 1521 1045 1555 showing how they were both disciples of our Lord, and that now his territories
167 1552 1045 1586 were infringed upon : that he claimed the East, the West was St. Peter's, and
165 1584 1045 1616 there he ought to remain. St. Peter replied, that he claimed all the world.
167 1613 1049 1647 The umpire St. Syriae decided in favour of St. Thomas, because the Christians
161 1645 1047 1681 of India, depended not upon St. Peter, but on the Patriarch of Babylon,
167 1674 1055 1708 whilst the Portuguese prelate he denounced as a faithless heretic, and decided
167 1706 1055 1742 that the decrees extorted by force at Diamper, were manifestly null and void.
