1170 1998
124 1555 1003 1592 * Land disposed of, either by the Government of Cochin, or by that of Tra-
101 1592 1001 1623 vancore, had certain conditions or obligations attached to the transfer. Some-
97 1623 1005 1655 times they were rent free, or on a very reduced rate, or tax, on condition that
97 1655 999 1686 the holder should perform some particular service, such as beating out a cer-
101 1685 1005 1717 tain quantity of paddy in the year, carrying a certain number of loads from one
105 1718 1001 1750 place to another, or supplying a certain quantity of articles, such as milk, oil,
107 1749 452 1781 flowers, &c., at stated periods.
