1170 1998
89 1133 962 1169 * Trevandrum, Government Almanac, 1861. Some Churches which have been
62 1169 600 1201 incorrectly included, have been here expunged.
99 1211 962 1243 † The Churches have been divided in the following manner: The Roman
70 1243 816 1275 Catholics, and the Romo-Syrians, are under two distinct Missions.
102 1284 959 1317 The Romo-Syrians and the Latin Churches, were originally under the autho-
72 1315 959 1349 rity of the Portuguese. The Archbishop of Cranganore, receiving his instruc-
68 1346 955 1380 tions from Goa, and having under him the two subordinate Bishops of Cochin,
70 1377 964 1411 who were removed in 1663 to Quilon, the Churches under the latter were con-
66 1408 964 1440 sidered to be all within sight of the sea. In 1709, they wished to join the
68 1440 163 1473 Syrians.
95 1475 964 1507 The Romo-Syrians, or at all events some of them, obeyed the Carmelite
72 1504 964 1538 Vicar Apostolic, or the Verapoly Mission, which receives orders from Rome.
68 1537 962 1571 In 1773, they erected schools for the instruction of Romo-Syrian Priests, and
68 1568 964 1600 began to encroach considerably on the Latin Churches, then acknowledging the
66 1599 964 1633 authority of Goa. They Syrians are ostensibly under the patriarch of Antioch,
62 1631 808 1662 and are Monophysites, or Jacobites, with some slight differences.
103 1672 962 1707 ‡ Their return of Christians professing their faith, is about 228,000, but
66 1705 964 1740 this is obviously erroneous. Their native clergy are 30, and Romo-Syrians 332.
