1170 1984
152 1552 1010 1588 * The ages of the world, are divided into the golden, when men lived
132 1586 1008 1619 400 years : the silver, when they lasted 300 : the brass, when they had sank to
124 1618 807 1650 200 : and the iron, when a furthered reduction to 100 occurred.
154 1648 1010 1681 † This may be one reason, why the castes in Malabar, below the Nairs, call
126 1679 614 1713 their silver, copper: their copper, iron, &c.
