1167 1998
171 1526 1029 1564 * Paterson gives the three first symbols of the Deity as follows: To the
143 1563 1031 1599 Swan, on which Brahma rides, he attributes purity, justice, and truth, it being
143 1594 1031 1626 a pure unspotted fowl, that swimmings amongst the waters of the world, is dis-
143 1625 1040 1657 tinct from, and unsullied by them, however filthy they may be. The Garuda
143 1655 1040 1688 of Vishnu, is the full blaze of day, the dazzling truth. The Bull of Siva, has
143 1688 1031 1720 a virtue in every joint, his three horns are the three Vedas, and his tail ends,
143 1715 464 1751 where injustice commences.
