1187 1981
209 1078 1074 1114 * Castes existed amongst the Egyptians, Medes, Persians, and others.
184 1112 1072 1145 Castes are maintained amongst some Roman Catholic congregations in Malabar
184 1143 1072 1177 to this day. (See page 231.) Caste distinctions were observed in the Tanjore
186 1175 1076 1209 and other Protestant missions, from the time of Schwartz and Gerické, it was
182 1205 1076 1238 only July 5th, 1833, that Bishop Wilson declared, that the Native Christians
184 1234 1074 1270 had not followed the advice given by his predecessors for its discontinuance,
182 1264 1072 1298 that "in short under the name of Christianity, half the evils of Paganism are
178 1295 1058 1330 retained," and, that it "must be abandoned, decidedly, immediately, finally."
182 1324 1070 1361 In Tanjore the reading of the circular, "was received by the Native Chris-
182 1353 1072 1390 "tians with great displeasure, and they showed their views, by seceding in a
182 1383 655 1419 "body."—PERCIVAL, Land of the Vedas.
209 1408 1074 1446 † In every place the above rank of castes does not hold good, thus a Nair
182 1442 1072 1476 who is a Sudra, would consider himself polluted, eating with an Oonce, who is
178 1473 1072 1508 an Amabalavassee, and wears the sacred thread. That caste is the cause of
182 1501 1068 1537 many of the evils of India, the Abbé Dubois declares to be a mistaken notion.
186 1533 1070 1567 Without caste, he believed the natives of Hindustan, would rapidly degenerate
182 1564 1078 1599 into a barbarous state : thus he held the Pariah who is without caste, as an
180 1593 1078 1628 example of how the want of it would act. The Abbé asserts, that a nation of
182 1624 1078 1660 Pariahs left to themselves, would speedily become worse than the hordes of
182 1658 732 1690 Cannibals, that wander over the African deserts.
