1178 1975
129 1564 985 1609 * The house of a Namboorie is called an Illum, the ground on which it
100 1601 987 1639 stands is freehold property. That of a Putter, is termed a Muddum; of a
98 1632 985 1669 Nair, a Veedoo, unless a Dewan, or Judge, should be a Nair, when it is called
102 1662 985 1702 a Muddum : a Christian's, a Peediya : a Chogan's, a Cotikul : a Churmur's, a
102 1693 514 1725 Chahla : an European's, a Bungalow.
