1178 1998
131 1607 1008 1644 * At Chowghaut, the Mucuas dissatisfied at having no religious observances like
100 1644 1006 1676 other people, and feeling the want of them, whilst they are aware that they
104 1675 1010 1707 cannot ascend in the Hindu scale, are rapidly decreasing in numbers, as it has
104 1707 1004 1739 become the custom, for one son in every family to become a Mahomedan Mop-
102 1738 1002 1772 lah. This class are known as the Pooddia Islam, or the "new Mahomedans."
