1159 1967
455 478 688 545 PREFACE.
113 579 1001 626 DURING a residence of a few years in Cochin, the facts were
110 630 1006 678 collected, from which the following pages have been com-
117 670 200 729 piled.
144 720 1005 767 Owing to the kindness of G. Ballard, Esq., the present
110 762 1006 802 Collector of Malabar, permission was obtained, for the peru-
109 809 1003 845 sal and employment of official documents, which proved of
110 851 357 906 great assistance.
142 903 1002 953 H. H. the Rajah of Cochin, and S. Menone, Esq., the De-
110 949 997 984 wan, most obligingly afforded information, upon many sub-
111 985 999 1034 jects connected with the Native State. Great assistance
109 1029 998 1071 was also received, from the late lamented General Cullen,
109 1070 994 1115 who for nearly tweuty years, ably held the post of British
110 1113 994 1162 Resident, and was intimately acquainted with the people,
108 1153 614 1214 their manners, customs, and laws.
140 1197 997 1249 C. D’Albedyh’ll, Esq., Judge of the Appeal Court of Ernac-
101 1250 999 1294 collum, was good enough to translate the Memorials of the
106 1294 997 1335 Dutch Governors of Cochin, and some of their Secret Re-
108 1330 997 1374 cords, which give an insight into the policy of that nation,
98 1375 1001 1418 and their relationship with the neighbouring native States.
136 1436 997 1480 Thanks are due to Conrad Vernéde, Esq., for his assis-
106 1473 1000 1515 tance in obtaining personal intercourse with Namboorie
101 1516 996 1563 Brahmans, and other Hindus, with the view of facilitating
101 1558 996 1597 enquiries into Hinduism, as it now exists in the Cochin
104 1596 996 1648 State. G. Garthwaite, Esq., Inspector of Schools, obligingly
104 1641 992 1689 Romanized the Indian words, for the Index: whilst many
