1170 1984
535 448 663 498 PREFACE.
158 462 191 494 vi
146 505 1044 560 other officials and friends afforded their assistance, to all and
148 561 720 603 each of whom, thanks are here offered.
174 612 1036 660 Owing to the civility of Messrs. Smith Elder and Co.,
140 659 1028 702 some old books on Malabar, now out of print, were procur-
140 697 1032 744 ed in London, and proved of great assistance, with reference
141 740 845 780 to the early history of this portion of Malabar.
181 790 1030 849 The following are the principal works referred to, in the
146 841 395 890 ensuing pages :—
178 877 1028 925 Herbert'’s Travels, 1665. Purchas, His Pilgrims, 1625.
141 926 1030 969 Tavernier’s Travels, 1676. Travels of two Mahomedans in
141 971 1034 1009 the 9th century. Voyage of Captain Walter Peyton to
144 1008 932 1052 India, in 1615. Stavorinus’s Voyage to India, 1777.
175 1059 1030 1107 Faria’s Portuquese Asia. Notes concerning the factory
141 1100 1025 1151 of Cranganore, from the Journal of Roger Hawes. Phillips
138 1146 1029 1193 Account of Malabar, 1717. A voyage round the world by
146 1185 1027 1227 Commodore Roggewein, in 1721-1723. Sonnerat's Voyages
138 1226 1035 1266 and Travels. Cope’s Voyages and Travels, 1754. Hamilton's
144 1266 1033 1310 New account of the East Indies. Paolino de St. Bartholo-
138 1313 1033 1354 meo's Travels, 1800. Ormes History of Industan. Kerr's
141 1355 1030 1394 collection of Voyages and Travels, 1824. Discoveries in
138 1395 1029 1436 India, from 1497 to 1505, by Herman Lopez de Castaneda.
138 1435 1035 1483 Dr. Francis Buchanan’s Journey through Mysore, Canara,
140 1476 1028 1523 and Malabar, 1807. Memoirs of Dr. Claudius Buchanan,
138 1519 1033 1563 1817. Forbes's Oriental Memoirs, 1834. Elphinstone's
144 1563 1025 1601 History of India. Taylors History of India. MacFar-
140 1602 1034 1646 lanes History of India. Mill’s History of India. Wilk's
139 1644 1033 1690 History of Mysore. Asiatic Researches. Calcutta Reviews.
138 1682 1030 1731 Madras Journals of Literature and Science. Journals of the
134 1730 1034 1770 Asiatic Society. Records of Travancore and Cochin. &c., &c.
