1184 2006
366 210 787 250 KUNNEEANUR.—TRIPOONTERAT.
129 272 1022 314 a few hundred yards in width, on the west face of which lies the
132 314 1022 360 sea, whilst its eastem side is bounded by the baekwater, sometinies
132 353 1022 401 two miles wide, but more commonly a few hundred yards. This
132 395 1018 434 maritime territory is intersected by the openings of the Cranganore
129 432 1022 475 river at Ayacotta, and the Vypeen river at Cochin. One-third of this
129 467 1026 514 tract is eovered by water, and more than half the rest by cocoanut
134 508 1022 546 trees : it is essentially the land of the fishermen, and along it went
134 546 1025 588 the only road low easte men might use in olden times: here very few
134 585 1020 627 Brahmans and no Namboories will reside, unless attached to apalace
128 627 290 676 or a pagoda.
167 662 1025 704 The remainder of the low-lands, or the plains, are the portion
134 702 1022 746 lying between the backwater and the hills : which, instead of being
134 737 1025 786 sandy, are more commonly either alluvial, or composed of laterite, and
129 780 1022 818 interseeted in many places by rivers. This portion of the State is
129 818 823 863 more holy than either the maritime or hilly districts.
177 861 1020 899 The Hilly portion, or the Ghauts, are nearly eovered by magnifi¬
136 900 1022 937 cent jungles, mostly upon a granite formation. Here the tiger and
132 939 1020 972 cheetah, the bear and the elephant, dispute with man his elaim to
132 971 466 1018 be the lord of the forests.
163 1008 1018 1050 Kunnecanúr is the division to the south-east, of atriangular
132 1048 1018 1098 figure, having a cireumference of about 55 miles, and comprehending
134 1092 1016 1131 a superficies of 63% square miles, but little outlying spots pertain¬
136 1131 575 1173 ing to it, inercase its size to 804.
604 1131 1018 1171 The aspeet of this distriet is va¬
132 1172 1017 1211 ried, and its capacity very great : it presents a series of minute
132 1210 1025 1244 chains of steep slopes, much overgrown with thiek stunted
136 1243 1022 1290 jungle, whilst about one-third is eultivated. The intermediate
132 1281 1025 1330 vallies and flat surfaces have nearly two-thirds under cultivation,
132 1321 799 1361 half being rice, and tlie otlier cocoa-nnt plantations.
163 1358 1026 1403 This division contains five sub-divisions, (Proverties), of about
128 1400 1016 1451 equal size, including detaehed places, viz., Kunneeanúr, Neendacurray,
136 1441 1021 1482 Nettúr, Ernacollum, and Vullarapullay, comprised in 99 villages.
134 1477 1019 1521 The whole contains about 23,000 productive trecs. The most
132 1521 1018 1557 remarkable place is Tripoonterah (Teereepuneythoray), the prineipal
134 1562 1019 1597 residence of H. H. the Rajah, and nine miles east of Cochin. Though
134 1594 1022 1635 denominated a fort, and surrounded by a moat and wall, withi gates
128 1636 1019 1674 at each entrance, it may be said to be incapable of offering resis¬
132 1672 327 1714 tance to a foc.
