1195 1992
341 226 893 270 CHRISTIAN CHURCII.—RAJAIIS IIOSPITAL.
161 281 1068 322 desire it, may be gratuitously fed; another is also situated close to
164 319 1073 364 the Fort. A Church stands outside, in which the Roman Catholics
161 363 1070 401 and Syrians officiate at different times, and about two miles to tlie
163 405 951 448 south is a hill upon which the Rajah possesses a bungalow.
198 440 1066 480 The Christian Church mentioned as being exterior to the walls
161 477 1070 516 is sixty feet long, and twenty-five wide. About one-third of its
163 518 1070 556 length is enclosed by a railing or screen. The ceiling is divided into
167 556 1067 594 little squares, in which angels’ faces are represented : at thie altar
161 595 1067 639 is a large frame, with paintings in its various compartments, intend¬
167 634 1068 673 ed to illustrate New Testament scenes. There is a large cross in
167 673 1070 709 front of its west entrance, and close by a box for the reception of
167 715 1067 746 alms for tlie poor : near to this is a stone font, and holy water in a
167 746 1065 790 recess by the door. About one mile from Tripoonterah, at Curriu¬
167 788 1070 832 gacherry, is a Syrian Churchi dedicated to St. George, within which
164 827 1070 867 may be seen a representation of “ God the Father;” there are no
164 865 1068 900 images, but several crosses. At the west entrance is a place for
167 902 548 942 receiving alms of rice or oil.
201 938 1067 987 Kunneeanúr is the largest sub-division, and contains a small pa¬
169 977 1069 1018 lace as well as a pagoda : scattered over the northern portion of
169 1018 1073 1057 this sub-division are several small bazaars : in that at Mulienthwrutti
171 1059 1073 1100 isalarge, square Church. The Proverty (sub-division) of Nettúr, lying
173 1102 1070 1138 along the borders of the lake, is rich in cultivation, gardens, and in¬
175 1135 1075 1170 habitants. The Candenaad Church is much decorated, and about
175 1170 1076 1211 one mile from it is that of Diamper, or Udiamper, where Mcnezes
172 1210 1076 1251 held his celebrated Synod. A picture of Sir F. Drake long graced
171 1253 1077 1290 its walls, placed close to the cross. Anotlier remarkable one was a
180 1291 1035 1330 woman confessing her sins, and tlie devil crouching at hier elbow.
205 1326 1074 1368 Ernacollum (Yernacollum) is perhaps the most important sub¬
179 1363 1074 1404 division, and it is in a great degree the seat of the Native Government.
177 1405 1078 1442 Here is the Dewan’s (Prime Minister) Cutcherry, where the records
183 1442 1074 1489 (not at Tripoonterah) are kept. The Judges of the Court, the Com-
179 1481 1076 1523 mercial Agent, and other Officials, also transact their business here.
183 1516 1079 1556 On a line with the Cutcherry, to the north, is the Jail where half the
185 1554 1080 1603 prisoners are kept, and a little further on the Rajah’s Hospital, raised
183 1596 1078 1633 by Rama Vurmah, Rajah of Cochin. The original building was
183 1635 1078 1672 constructed in 1848, and opened on August 14th of that year :
183 1673 1084 1729 again it was enlarged in 1851, and again as well as being tiled, in
