1170 1992
378 226 759 272 YPEEX.—THE FREE RAJAI.
116 283 1007 335 the town of Cochin. The Dutch probably sold it to the lajah as, ac¬
116 323 1012 374 cording to their records, it belonged to them in the year 1753: but
113 363 1005 411 not when Cochin fell to the British. It contains a Christian popu¬
116 414 1011 457 lation and a Ronian Catholie Church opposite the Canal, leading to
114 451 301 496 Tripoonterah.
155 473 1012 523 The town of Cochin will be deseribed in the Chapter on the
120 515 1006 565 English : it ineludes part of the Culvetty village, and the Mutten¬
113 561 1008 606 cherry bazaars, although the greater portion of the latter are in the
113 602 1008 641 Native State. Close to Jew’s Town is the Rajah’s Palace, one of
116 636 1010 678 the two most important which belonged to him, when Europeans
112 678 1012 712 first arrived. About A.D. 1550 the Portuguese built him the present
113 717 1006 752 edifice or a great portion of it, as probably additions and alterations
118 753 562 801 have been made since that period.
149 781 1008 833 Sherria Anandapoorain is the most southern sub-division of the
118 828 1004 867 Coehin districts having a larger proportionate quantity of land un¬
120 868 911 913 der wet cultivation than either of the other three proverties.
146 907 1009 945 Vypeen, or Baypeen, (Waipey) extends from the river, which
116 942 1008 990 divides it from Cochin, to the Cranganore or Ayacotta opening. Its
116 988 1007 1025 most southern portion is British territory : its most northern now
113 1020 412 1073 belongs to Travaneore.
146 1057 1005 1099 In 1743, “ the Paliat Achen, or free Rajah,* had a residenee at
110 1098 1008 1139 “ Chenotta (Chennamungalum), elose to Cranganore, and was the
110 1148 1006 1190 “free lord of the Island of Vypeen,” (with the exception of some
118 1179 1006 1221 gardens and lands situated at its southern extremity, opposite to
112 1215 1009 1255 Coehin, which belonged to the Dutch East India Company ;) “and
116 1253 1010 1294 “some time previously he had become the ruling sovereign of
113 1290 1008 1328 “ Manacotta and Moolooreurra, lying above Chetwye : also his
110 1332 1005 1371 “rights extended over the old kingdom of Williar Wattalta, above
110 1369 1005 1408 “ Parda, whieh was hardly more than a name.” The Paliat Aehen
110 1410 1005 1450 is represented as “ fifty ycars of age, who speaks little but thinks
114 1441 184 1487 well.
141 1482 1008 1521 The meaning of the word Vypeen is, “ a place whieh has arisen
113 1524 1006 1561 from a swamp :“ and there is an era, called the Poothoo Veppoo, or
112 1563 1006 1602 new Vypeen, corresponding to A. D. 1341. Paoli gives a legend
171 1632 1011 1666 * Dutch Government Records, 1743 : but still, the Paliat Achen appears to
110 1658 1008 1698 have been in some respects a vassal to the Cochin Rajah and his hereditary
110 1694 224 1738 Minister.
