1170 1992
259 230 749 294 PALLIPORT.—MIRACULOUS PAINTING.
87 294 954 337 Tlicre are several other small villages of no note, until Palliport
56 334 954 385 (Pallipuram, or Mannapaad) is reached. Here is a holy pagoda,
56 382 951 416 where trials by crocodile ordeals took place, after the prisoner had
52 414 948 462 been sworn before the idol. Just to the north of this is a ditch divid¬
52 457 954 496 ingthe Cochin territory from thie British and that of Travancore, this
54 496 954 530 ditch is probably a remnant of the “ Travancore lines.” The ground
51 542 954 580 from here to tlie Ayacotta opening was purchased along with the
56 572 956 606 Cranganore fort, from the Dutch, by the Travancore state. In 1743
56 607 956 655 this territory, as already observed, was under the free lord Paliat
60 650 954 690 Acheu. The Cochin State clainis it as theirs, but it is also said to
57 688 952 742 have formed a part of Paroor, when tliat State fell to the share of
56 730 951 773 Travancore in 1763, but they did not obtain possession of this out¬
57 764 952 817 lying place, because the Dutch lield it as their own. To the north,
57 809 955 844 and close to this ditch, is the Palliport Lazaretto, or Leper asylum:
52 847 948 889 it and the grounds on which it stands, are Britisli property. Origi¬
56 884 954 927 nally a Portuguese buildinig, erected as a Syrian College in 1587, it
60 926 952 964 was turned by the Dutch to its present use. Tlie number of patients
57 965 952 1010 they maintained there for the last fifty years of their rule, averaged less
56 1006 954 1038 than ten: now thiere are usually, above forty. Next to this is a fine
57 1044 952 1089 church, where the feast of thie “ Virgin Mary” is annually held with
62 1082 952 1129 great pomp: it is said that an oil painting of her floated over the sea,
52 1121 955 1167 and appeared off the shores of Palliport. A short way to the norti
55 1159 954 1202 is a comfortable house, and close to it a small octagon tower, built
56 1197 951 1234 by the Portuguese, to command the neighbouring backwater :
56 1235 686 1270 within this building is a well of good water.
87 1275 953 1312 Tlie Muluacaad sub-division is composed of ten small islands
54 1306 948 1359 the backwater, most of which are under wet cultivation. The Bri¬
54 1352 946 1391 tish Residency, as already stated, is situated on Balghatty (Ponye-
52 1391 948 1439 urra), one of the ten, 21 miles from the Cochin flagstaff. The
52 1434 951 1482 nosition of this house is delightful, aud its construction very superior;
56 1473 945 1506 whilst from its upstairs verandah a most picturesque view is ob
52 1510 952 1549 tajuable. Abont these islands, multitudes of ducks are reared, which
56 1546 954 1587 tnd a ready sale in Cochin. Ramanthoorty, or Candle island, was
56 1591 948 1635 rmerly a great resort for smugglers, but is now rented by the Ra¬
59 1629 943 1670 ol's Covernment. Moorakumpard is another island in the back¬
61 1670 952 1713 ater, the property of a Native: or ratlier the water was so, where
57 1705 952 1746 e land now is. He has for twenty years the right to any portion
