1184 1992
444 237 855 282 CRANGANORR, DESERTED FORT.
209 303 1099 350 where tlie water does not exceed the depth of a ky-kole, or a boat¬
204 350 1100 395 man's bamboo, of about three fathoms' length. He sub-lets any part
205 387 1100 425 to whoever will uudertake to fill it in: the amonnt of space is one
202 425 1097 467 thonsand koles, by 400 : for which he pays ten rupces ycarly rent,
199 465 1096 498 and at the termination of each 20 years, it is to be re-adjusted ae¬
207 501 701 554 cording to the produce of the ground.
234 537 1100 585 The Cranganore (Kodungaloor) division has bcen the sccne of most
201 580 1096 626 momentous changes in times gonc by : herc the Jew and the Christian
205 619 1093 659 obtained footings and founded towns before the Portuguese landed in
199 658 1093 690 India. Herc the Government of the Permauls was held, hicre it flour¬
199 693 1097 731 ished and decayed. On this spot the Portugucse fort was raised in
202 731 1096 771 1523, and they contemplated at first making it the scat of their chief
210 767 1096 816 power in Malabar. Here fell the Portuguese might to Dutch prowess,
199 810 1093 850 whilst Cochin still continued in their possession. Here the Dutch had
199 851 1090 891 to sell* their fort and territory to a Native Prinee, before the British
202 883 1091 930 would fire a shot, to hold back tlie victorious Tippoo. Now it is a ruin,
202 923 1091 962 mouldering in the dust, with but one solitary tower overhanging the
195 963 1090 1002 broad expanse of the river, which rolls on slowly, but deeply, beneath.
199 1004 1090 1042 Its old moat is the resort of the crocodile and paddy bird, and its once
201 1044 1090 1086 well used streets resound no morc to human tread. The solitary
197 1078 1092 1118 strauger, perhaps, disturbs a snake in his path, or an owl in the
197 1114 1089 1155 dense overhanging trecs, but rarcly a mortal will nieet his cye.
201 1155 828 1194 Cranganore fort is utterly and entirely deserted.
226 1187 1092 1234 The line of the Rajahs of Crangauorc (the Native towu of this
195 1235 1084 1276 naine is some considerable distance from the site of tlie fort,
197 1274 1091 1311 wlio are Schatriyas, is still extant: thcy found their elaim to this terri¬
199 1312 1093 1347 tory as having been granted to their family by Shayrum Permiaul, the
197 1347 1091 1386 chief of whose guard was their ancestor. Thcir right to regal
195 1387 1089 1424 authority thcy have long been forecd to waive, either before the
197 1426 1086 1467 superior power of the Cochin Rajah,f or that of the Samorin.
226 1476 1089 1511 * In the Dutch Records for 1743, it is expressly stated: the Cranganore
191 1505 1086 1532 territory owed obedience to the Dutch Company, and was not under the Ra-
199 1533 1087 1566 jah of Cochin. That they obtained this territory by a treaty of peace made
195 1557 1084 1590 with the Samorin, December 17th, 1717, but they allowed the line of the Cran-
199 1582 676 1619 ganore Rajahs to continue as their vassals.
228 1617 1083 1657 † The Rajah of Cochin, in 1792, unsuccessfully laid claim before the Bri-
191 1649 1082 1677 tish Comissioners, to the whole island, called by Europeans, Chetwye (Ma-
191 1676 1085 1718 napuram): which consisted of three small territories, Cranganore to the south,
191 1702 895 1731 Paponetty or Ayroor in the centre, and Chetwye to the north.
