1184 1992
443 230 790 294 AYROOR.—KODACHAYREE.
167 297 1070 344 There is a fine upstairs Cutcherry at Cranganorc, (the native town)
169 350 1066 385 situated in front of the pagoda, which no low easte man may
169 382 1067 418 approach. Therc is also a good bazaar. The road towards the soutli
169 421 1073 460 lcads to a palace of the Cochin Rajah, which is about one mile
169 463 276 507 distant.
203 493 1073 545 Stretehing between Cranganore and Chetwye, the island is divided
167 541 1070 576 into three small States, Cranganore to the south, Chetwye to the
167 575 1069 624 north, and Paponetty or Ayroor or Belanga in the centre. In 1743
175 619 1069 659 the ruler of Ayroor was nephew to the Cranganorc Rajali,
171 654 1067 694 both were stated “ to be poor princes, without any power. Ayroor
167 693 1067 731 “ was taken from the Samorin by the Dutch, in 1717, and settled
171 729 1073 764 “upon the Company, as were tlic lands of Trikonetty, Aeraltoo, Aral¬
195 772 1073 814 tapala, Moodele, Coonattoo, and Pootenbarc, which last six districts,
171 812 1073 850 “comprising 184 villages, werc given by the Extra Councillor General
167 841 1069 887 “ in Chief, Willem Backer Jacobsz, as a present to the Rajah of
171 892 1073 922 Cochin.” Subscquently by desire of the Batavian Supreme Go¬
171 924 1071 970 vernment, they were resumed : but in accordance with fresli orders.
171 966 1071 1008 contained in a Secret letter from Batavia, dated July 4th, 1740, they
172 1003 549 1049 were restored to that Princc.
211 1042 1073 1087 The Kodachayree division consists partly of plains and partly
167 1083 1073 1121 of hills, and is of a most irregular form. Its easter side is bounded
177 1125 1069 1167 for twenty miles by the Shallacoodec river, separating it for much
171 1162 1078 1198 of this distance from the Iddiara and Naithoad hills, belonging to
179 1201 1074 1236 Travancorc, which last. State also possesses sovercignty over the Al¬
171 1241 1077 1278 lungaad distriet, whieh bounds it for about twenty milcs on the
167 1281 1076 1322 south. Its arbitrary lincs of demarcation from other districts, and
171 1316 1071 1359 also from the Tunnalapuram talook of British Malabar on its east,
172 1356 1071 1395 are too complicated to define. It comprises 342 squarc miles of
175 1388 1073 1434 country, and is divided into four Proverties, Kodachayree, Paulathin¬
177 1435 599 1481 gul, Thaulaycaad, and Koruttec.
202 1473 1075 1521 Kodaehayree is one of its largest sub-divisions, not one twentieth
167 1515 1076 1557 of which is under cultivation. In the Duteh Government records
171 1554 1071 1600 for 1743, it is stated,“ the lands of thie Kodachayrec petty Kaimul
171 1591 1074 1633 “ lic between Paroor, Cranganore, the Cochin territory, and the
171 1635 1074 1668 “ghauts, and annually yield 125 eandies of pepper, whilst the best
206 1669 1076 1707 cardamoms eome from that plaee : but that, and the wax, are in
203 1705 1076 1770 the hands of the Jesuits, who are located at Ambalacatty, and thei
