1142 1981
285 198 759 257 LEECHES.—WILD ANIMALS, TIGERS.
79 272 976 323 “Chief is designated Archbishop of Cranganore, his residenee being
80 318 971 359 half a mile from Pooteneherra, in the Cochin territory.” Up to
80 361 971 399 1706 this Kaimul had been under the Samorin, he tlien shook off
83 398 802 451 his authority, and joined himself to the Coehiu faction.
115 431 976 475 Amongst its few villages (about 13) is seen the remains of a
79 469 968 521 small fort, once tlie residence of a family whieh exereised sovereign
83 516 970 549 sway over this part of the country, and whose descendants as private
85 553 643 592 individuals still live in the neighbourhood.
115 582 971 629 Shallacoodee is the chief place in this sub-division : liere the of¬
83 626 973 669 ficials reside, and the Rajah lias also a small palace. It is a great
77 666 970 706 satisfaction to find a comparative absence of the rattan and allied
77 706 973 743 elimbers, in these jungles. The small Ceylon leech is here a great
89 745 971 787 pest to the traveller. Shooting, especially for bison, is very good.
85 782 973 818 The Mulehers (a tribe of hill people) assert that in the depth of the
77 822 971 866 forest there is an enormous tiger, of a white or eream colour, and
83 859 973 902 having yellow stripes : it is reputed to be most ferocious, aud its
83 900 425 939 destruction much desired.
111 934 973 976 A few miles from-Shallacoodee is Angamale, formerly tlie seat of
77 970 970 1008 the Syrian power in Malabar. Tippoo laid this town waste and des¬
77 1010 970 1057 troyed the churches, but that dedicated to St. George was subse¬
85 1048 969 1091 quently restored. On the bauks of the backwater stauds Tekkali Pa-
83 1086 973 1135 roor, and on the opposite side is a eross whieh, tradition asserts, was
80 1124 819 1170 erected by St. Thonias. This Chureh was built in 1712.
113 1159 973 1208 Paulathingul is still more mountaious thau Kodachayree, whilst
83 1201 973 1248 only a seventeenth part is under eultivation. It comprises cighteen
87 1243 971 1274 villages, most of which lie along its wester boundary, or that far¬
80 1277 971 1321 thest from the ghauts. This distriet is much infested by clephants,
80 1314 976 1357 rendering cultivation diffieult ; other game also abounds. From its
85 1356 626 1395 forests, a large amount of timber is felled.
115 1390 969 1434 Thaulayeaad possesses thirteen straggling villages. It was for¬
79 1439 973 1475 merly a wealthy distriet, but during tlie present generation its opu¬
79 1468 973 1506 lenee has vanished, owing to its trade having deelined. Thiere is
83 1509 970 1553 good inland navigation as far as this district. The town of Auwut¬
85 1548 969 1587 tatoor, with its large pagoda, is said to have been one of the 32 di¬
85 1585 735 1626 visions into which Malabar was formerly divided.
115 1617 976 1658 Koruttee is the most southern Proverty of the Kodachayree Di¬
85 1663 976 1706 vision: containing twenty villages, and is also the most populous
