1170 1981
376 216 846 266 MILITARY FRONTIER, TRAVANCORE.
155 215 209 253 11
159 276 1056 321 onc-half being under cultivation. The most celcbrated place with¬
157 318 1012 360 in its limits is Armanuddce, where there is a well known pagoda.
192 356 1056 401 The military frontier of Travancore includes a large portion of the
157 395 1056 434 Cochin territory, and passcs through the southern part of the Koda¬
157 438 1053 484 chayree district. The celcbrated Travancore lines were not of any
157 474 1061 520 considerable strength : they occupied the greater part of the crests
153 516 1057 555 of a series of slopes, which were comparatively open, and not remark-
157 553 1063 594 able for elevation or steepness. They commenced at Yellungayree
154 596 1057 629 to the eastward of which the hills were supposed toafford some defence :
157 634 1061 667 they then extended twenty four miles to the westward, and termina¬
153 667 1063 713 ted at Jacotay—a name wliich was occasionally employed to designate
158 713 1063 758 the whole work. The latter consisted of a rather strong embankment
154 747 1057 787 and parapet of earth : the whole measuring at the highest part above
159 788 1066 827 fifteen feet, but the elevation was not always tlie same : the ditch
161 826 1063 866 was, generally speaking, about half that depth, and two or three feet
162 867 1061 908 broad. An Abattis, composed of a bamboo hedge, was planted,
161 907 1062 944 which, in some placcs where it has been carefully preserved, may still
155 947 1059 986 be secn flourishiing. Along its inner side ran a broad and level road,
159 987 1061 1020 and scattered along this at irregular intervals were forty-two small
159 1015 1060 1060 works. The greater part of these walls have now been levelled by the
162 1063 1058 1100 rains. Tippoo, when he attacked them, first turned the eastern ex¬
157 1099 1062 1147 tremity, which was no very difficult task ; but a panic occurring
159 1137 1061 1178 amongst his troops, they were compelled to retreat, and for months
162 1177 1007 1219 he was kept outside, what he termed, “ that contemptible wall.”
190 1217 1065 1258 The Mukundapuram division encloses an area of fifty-two square
157 1259 1063 1302 miles, but twenty-three and a half more belonging to it are situated
157 1298 1058 1338 in detached places. Its western portion is most fertile, especially
161 1336 1063 1378 along the banks of the Kodungaloor (Cranganore) river ; but little
161 1380 1069 1411 waste ground is found in the low lands, where cocoannt groves
157 1418 1059 1458 abound, whilst one-third of the district is under rice cultiva¬
154 1452 1061 1489 tion. It consists of four sub-divisions, Arreepaulim, Mahapoor¬
159 1494 1066 1531 caunum, Mookundapooram, and Poodoocaad, to which may be
154 1530 1059 1578 added Paddhanutoulum. Within its limits, including its de¬
157 1563 1065 1611 tached portions, are fifty villages, of which Irinyalacoday is the
165 1612 1057 1656 principal, containing many Christian inhabitants, and a pagoda, con¬
157 1649 1063 1690 sidered peculiarily holy, which the Christians are prohibited from
159 1691 981 1738 approaching. A market is held at this place every Saturday.
