1162 1975
962 236 1012 283 19
321 231 794 305 PROTESTANT CHURCH, SCHOOL, &C.
98 310 1010 371 around which the sepoys clean their arms of a moruing, was the
102 354 422 403 centre of a holy pagoda.
135 377 1012 435 There is au English school here, supported by the Rajali,
102 431 1011 475 but inferior to that attached to the Protestant Mission,
106 474 1011 512 which has both boys and girls as boarders. There is also
104 506 1013 547 a very large Protestant Church situated on a rising hill, near
106 548 1012 591 the high road, a little way out of Triehoor, it was commeneed in
110 587 1013 635 1840. Two Travellers’ Bungalows are also in Trichioor, one near
106 627 1016 666 the canal, in which persons either going or coming by baekwater
107 666 1019 704 usually take up their abode : and the other in the centre of the
106 705 1018 750 towu, but more fitted for travellers by land, not being so far from
105 746 237 786 tlie road.
140 777 1018 818 Trichoor is a place of considerable trade ; and a great quantity of
112 819 1021 857 cotton cloth is mannfactured there. All the rice and grain froin
112 859 1018 898 Palghat must also pass through this town, on its way to Cochin.
115 894 1017 938 The principal market day is Friday. The disease ealled Elephan¬
110 938 1016 984 tiasis rarely exists so far inland as tliis station, but leprosy is very
115 977 1021 1024 prevalent. From June to Jannary cabin boats can go from Tri¬
115 1019 1021 1058 choor to Cochin, a distance by water of fifty-two miles :
115 1055 1024 1098 whilst nearly all the year round cargo boats ean proceed by that
114 1096 1021 1133 ronte, but should the water be low, passengers and goods may travel
114 1134 1021 1177 to Kurriapudnam, by land 21½ miles, where there is a good bunga¬
115 1170 692 1214 low, whilst it is about half way to Cochin.
145 1210 1029 1252 The two large Christian villages of Arnaatcurray and Ooloor are
115 1247 1029 1291 near the Trichoor lines: the former S. W. one mile, and 1,100
115 1290 1031 1338 yards : the latter S. E., 3½ miles. It is eurious to ride through
114 1332 1026 1371 tliese Christian villages about the time of their evening prayers : uo
119 1371 1031 1411 one is stirring in the streets, and no sound is heard, save tlie voices
114 1405 1026 1451 of the various households raised in prayer. The village of Paunun-
118 1447 1031 1492 jayree is situated 7½ miles E. N. E. of Trichoor, in the midst of hill
116 1488 1031 1527 scenery, on tlie eastern skirts of this village is a pagoda now
114 1526 1031 1570 in ruins, but still bearing the name of Gooroonaden Umblum, and
123 1568 1032 1610 very celebrated in the annals of Malabar. Close to it is Putticaad,
121 1603 1034 1646 where a Travellers’ Bungalow stands on the side of tle road from
123 1642 1032 1690 Trichoor to Palghat. This place was formerly remarkable for the
115 1698 1031 1738 number of robberies committed on travellers. The robbers came
120 1729 1036 1777 down in the woody pass, seized their booty, and rapidly decamped.
