1170 1981
375 205 767 254 ALWAYE.—ITS PRODUCE, &C.
114 272 1017 329 they have to support all their establishmients, assisted partly by
119 316 386 371 their congregations.
151 353 1020 406 Not far from Vcrapoly, on the way to Alwaye, and close to the
109 398 1024 435 margin of the same side of the river, is a cavern, termed “ the devil's
114 437 1024 474 mouth ” it is about three feet high, but is said to be so full of suakes
114 474 745 513 and bats, that no one will venture to explore it.
151 510 1016 556 A few miles beyond Verapoly is Alwaye, situated abont twenty
116 553 1015 595 miles from tlie town of Cochin, and abont two miles below Sherwur-
118 594 1024 634 rah, alrcady mentioncd, in the Ernacollum division. It stands on
119 632 1024 665 the banks of a river, and is usually reached by boat, although thicre is
118 668 1016 706 a road Icading to it from Ernacollum. It is a tract of consider¬
118 708 1018 753 able size dotted with about twenty bungalows, to which durina
118 745 1021 784 the hot months of April and May, mauy persons retire, both to es¬
122 786 1019 827 cape from the lieat of Cochin, and enjoy the bathing. The Euro¬
132 826 1015 874 pean honses are on the banks of the river, the natives form encamp¬
118 859 1018 899 ments upon the sands : some persons even remain thierc all the year
123 897 1016 940 round. The water is bclieved to have medicinal virtues, and to re
122 938 1020 975 move the ill effects of prickly heat, boils, and even to reduce ele¬
127 981 1025 1026 phantiasis, or rather this diseasc is not indigenous as far inland as
122 1018 1025 1057 this fertile spot, wlicre coffee grows luxuriantly, and tlie pepper vine
122 1058 1019 1097 flourishes. Cochin is supplied with drinking water, either from Al¬
127 1092 1025 1131 waye or from a place opposite Verapoly. Much of the butter also
122 1131 1028 1180 is obtained from this district : the natives liere make good baskets,
127 1170 1028 1210 and a variety of pretty little children’s toys of basket work : besides
132 1211 688 1257 umbrellas, (kodas. Mal.) of palmyra lcaves.
160 1249 1024 1288 This appcars to have been the sanitarium of Cochin, from the ad¬
132 1289 1031 1325 vent of Europeans to India : being mentioned as such, both in the
127 1330 1028 1364 timc of the Portugucse and the Dutch, who probably used the
126 1363 1029 1405 same primitive stylc of bathing houses, as are now in existenee, viz.,
134 1404 1028 1450 bamboos fixed into the water at intervals, with mats tied round them,
127 1445 1031 1482 from which a covered passage of tlic samc materials leads up to the
132 1482 1032 1523 honse. The sands of the river arc excessively fine and smooth. An
134 1521 1032 1563 observatory was kept up here by the Rajah of Travancore : and there
130 1557 1033 1596 is a Tre“eller’s Bungalow, of an inferior description : as well as a
138 1596 1031 1635 Residency, of which the less said the better. The banks of the river
138 1636 1032 1674 are rather high and embellished with most beautiful trees, that in
134 1674 1040 1713 the hot months arc often covered with blossoms : whilst magnificent
