1162 1975
358 222 698 265 REMARKABLE BUILDINCS.
79 277 968 319 butterflies and birds of gorgeous plumage, are seen in every direc¬
83 325 967 366 tion. This stream which is apparently both very gentle and shallow,
81 364 970 402 has unhappily been thie seene of several fatal aceidents to Euro¬
85 402 969 444 peaus whilst bathing; as at a short distance to the south there is a
77 443 846 477 roek, around whieh are some holes in the bed of the river.
112 478 966 515 In the Cochin State the number of remarkable buildings is ex¬
79 518 969 558 ceedingly small, such as there are, generally are dedicated to religious
83 555 967 602 purposes, and have been already named : the remainder may be sum¬
81 596 961 639 med up as follows. TThere are some old ruins, the remains of pago¬
79 636 966 666 das, near the old Fort of Cranganore, also in ruins, and one spot is
85 670 968 713 pointed out as being the residence of the Permauls, when they were
81 711 970 750 governors of Malabar. At Irinyaleoday is a temple, the chief of which
75 746 967 785 is a sunnyassie, who must be nominated from eertain families. He
79 780 968 828 enjoys considerable immunities, and when he goes out, is preceded
85 828 966 861 by a lamp and sword, and has all the insignia of supreme authority.
79 859 969 897 He aeknowledges no superior, and will reside in the presence of no
79 900 966 942 Prince. He watehes over the temple, superintends its ministerial
79 942 957 975 and lay concerns, sees to its revennes, and overlooks its expenditure.
113 975 967 1024 The Ootooparrahs have already been several times mentioned.
81 1017 970 1057 In some places a portion of the pagoda is used, in licu of crecting
77 1049 967 1090 «separate building. They were origmally instituted for pilgrim
85 1086 963 1130 Brahmans, aud even now a rule exists, that uuless detained by sick-
79 1131 969 1169 ness, no one may take more than two days' food in the same
75 1166 963 1207 establishment. In Travancore there are many more of these Ootoo¬
85 1207 968 1249 parrahs than in Cochin, for no Namboorie Brahman will reside in
79 1243 962 1289 the former State although the Rajahs have in vain tried by every
81 1285 965 1326 means in their power, to induce them to do so. But the caste of
79 1323 963 1359 the reigning family (Nair) is too low to suit the bigoted arrogmce
77 1358 967 1397 of these Namboories, who consequently prefer living in the dominions
77 1403 967 1438 of the Schatriya Prinee of Cochin where however they are not
77 1433 966 1480 nearly so pampered. Many of the pagoda lands have been assumed
81 1470 966 1514 by the State, which in this ease undertakes the expenses of the es¬
75 1510 966 1552 tablishments, but not quite in the style desired by the Brahmans,
86 1543 967 1588 One Namboorie has been induced to raise an Illum at Cottavai, in
83 1588 967 1626 Travaneore, which is giving great offence to others of his caste.
79 1628 966 1667 This is probably the first of then who has settled in this State.
79 1669 969 1713 The villages of forcigu or Potie Brahans, are called Agraruns, or
