1159 1992
200 1543 1051 1578 * Chera is stated by Elphinstone, to be a small State between the territory
162 1577 1054 1611 of the Pandyas, (Madura) and the western sea: comprehending Travancore,
166 1608 1054 1640 part of Malabar, and Coimbatore. It is mentioned by Ptolemy, and may have
170 1639 1054 1671 existed at the commencement of our era. It was subdued and divided in the
170 1670 320 1703 10th century.
