1170 1989
117 1469 978 1507 * It is very difficult to ascertain anything respecting the accuracy of these
83 1504 984 1538 very early dates, even when they relate to European history. Thomas Cana
78 1536 984 1570 certified that he saw the last of the Perumauls alive in the year 345, whilst on
78 1565 978 1601 a reference to the Brahman College at Trichoor, an answer was received, which
78 1596 978 1632 corroborates his statement asserting that Cheraman Permaul ascended the
78 1625 978 1661 Musnud about March 24, A.D. 341, and reigned 36 years and four months:
85 1657 975 1694 but the date of May 378, is then given as that, at which he was last seen:
78 1688 721 1722 making the length of his reign 37 years and two months.
