1170 1989
117 1483 980 1529 * In 1762, the Rajah of Cochin, mortgaged the Coosipully lands, lying
87 1518 980 1554 north of Vypeen, to the Dutch, for Rs. 15,000, in order to meet the expenses
85 1548 980 1583 of the small army, which in accordance with his agreement with the Rajah
87 1579 975 1614 of Travancore, had been equipped for the field against the Samorin. If these
85 1610 975 1648 lands were not redeemed by the Rajah before September, the Dutch were to
89 1641 323 1675 collect the revenues.
