1170 1989
128 1524 1010 1564 * The Hindus assert, that Tippoo's defeat, was a dispensation on him, for
103 1561 1010 1594 his cruelty in the Annimallis. Knowing that the destruction of a female ele-
103 1592 1010 1626 phant, is considered on eof the worst violation of Hindu laws, for the preserva-
101 1623 1010 1657 tion of animal life, he practised it. Female elephants were chained to the
101 1657 1019 1688 ground by their forefeet, and the Sultan then tried, how deeply he could cut
105 1686 1014 1720 with his sword, through the necks of the poor animals. He then ordered Mus-
109 1718 1014 1753 salmen, and lastly even Brahmans, to take their turn, in the amusement.
107 1748 772 1784 Ganesha was no doubt incensed, and retribution followed.
