1159 1992
224 1465 987 1499 * Report of the Commissioners, dated Ayacotta, October 11th, 1793.
183 1498 1047 1536 † The various British Residents of Travancore and Cochin, have been as
156 1529 1052 1561 follows:—Col. Macauley, 1800, until March 1810. Col. T. Munro, 1810, to
156 1554 1047 1588 January 1819. Col. S. McDowall, 1819, died in November 1820. Col. D.
154 1579 1047 1613 Newall, February 1821, until May 1827. Col. Morison, 1827 to December
156 1606 1047 1639 1829. Lieutenant Colonel E. Cadogan, (acting) 1829, to June 1834. T. A. Casa-
154 1632 1052 1665 maijor, Esquire, 1834, to January 1836. Colonel Fraser, 1836, to 1838. Captain
158 1657 1052 1692 Douglass, (acting,) 1838, to November 1839. Lieutenant Colonel T. Maclean,
158 1684 1052 1719 1839, died in July 1840. Lieutenant General Cullen, 1840, to January 1860. F.
160 1711 910 1745 N. Maltby, Esquire, 1860, to May 1862, W. Fisher, Esquire, 1862.
