1170 1989
105 1563 976 1599 * In olden times, the Cochin Rajah, had the token of unlimited power car-
78 1598 980 1632 ried before him: consisting of the branch of a cocoanut tree, the lower end of
81 1631 984 1667 which, was bound with a bandage, leaving the top quite free. Petty Princes,
79 1662 988 1694 if subject to any higher authority, were obliged to have the branch bound at
87 1694 193 1727 each end.
