1167 1981
190 1526 1086 1559 their religion: and a proclamation had stated, that the various religions were
190 1556 1082 1590 to be exercised without restraint. Checking ordeals, had therefore been a
190 1587 1084 1619 hardship, under which their religion was still suffering, and consequently an
194 1617 1082 1652 injustice: and they prayed for the removal of the prohibition on them. Sub-
192 1649 993 1681 sequently other councils prevailed, and the petition was not presented.
