1167 1981
208 1560 1071 1600 * These lapidaries constructed more than 400 guns for the Samorin, in whose
176 1595 1069 1629 service they continued, until the year 1506, when they were both murdered as
180 1626 1069 1659 traitors, by 200 Nairs, and Yogees. However, they sold their lives dearly, as
180 1657 1067 1691 they are said to have slain six of their assailant, and wounded forty more, be-
176 1688 524 1720 fore being finally overpowered.
