1214 1989
264 1532 1130 1568 * Paichi Marcar a powerful Moor of Cochin, sent forces to the assistance of
238 1566 1130 1598 Bhuwaneka Bahu, VII, a Ceylon King, to aid him against the Portuguese, but
240 1598 1130 1628 they were intercepted and dispersed. In 1540, the Samorin in conjunction with
240 1628 1132 1660 this same Moor, sent further assistance to the same Ceylon King. Paichi
238 1658 1128 1690 Marcar's head, and those of his chiefs, were finally made a present to the Portu-
242 1690 1130 1724 guese, by their obliged friend the Ceylon King, who thus purchased peace for
238 1720 336 1752 himself.
