1178 1989
117 1493 973 1529 * Mr Swaardekroon, a former Governor of Cochin, who was Governor-Gene-
86 1529 977 1561 ral of Batavia, from 1718 to 1725, procured the coffee plant from Mocha, and
86 1560 975 1592 after paying a very high price for what was first produced (15 rix dollars, per
102 1589 977 1622 125 pounds weight,) he further encouraged its growth by every means in his
90 1620 983 1653 power. In 1753, 1,200,000 pounds weight were furnished from Cheribon, as
88 1650 977 1682 much from Jaccatra and the Preanger lands : in 1768, from Jaccatra and the
94 1682 812 1716 Preanger lands, 4,165,500 pounds weight of this were produced.
