1167 1981
215 1371 1053 1405 * This pepper treaty was ever after a source of irritation, and Van Angel-
167 1404 1053 1436 beck alludes to the subject in his memorial to his successor, in 1793. The
159 1434 1055 1466 Rajah never appears to have furnished the quantity he promised, and Com-
163 1465 1053 1499 missioners were continually being sent to Trivandrum to remind him, at
165 1496 1053 1530 last it was only by agreeing to raise the price to Rupees 115 a candy, that they
165 1525 1057 1557 obtained any; in 1790 none was furnished, and a higher price demanded, which
167 1556 1057 1588 Van Angelbeck refused to give. Sometimes Travancore declared the Dutch
163 1587 1053 1619 ought to have none, as they were assisting their enemies: afterwards that they
167 1618 1059 1650 were engaged with the Mysoreans; anyhow, the treaty does not appear, to
165 1648 752 1681 have brought either credit, or money to the Dutch.
190 1675 952 1707 † Memorial of Commandant F. Canes, dated, December 31st, 1756.
