1167 1981
178 1508 1086 1541 of the pepper, and the Portuguese Government. When competition arose,
180 1539 1084 1572 monopolies were by degrees introduced, but such a power does not exist in the
178 1570 1084 1604 laws of Cheruman Permaul, by which the rulers of Malabar are bound, and from
184 1601 1084 1635 which they cannot deviate, without the consent of their subjects. This was a
178 1632 1084 1668 cause, why the Rajahs and Chiefs, feared to prevent smuggling, as they were
186 1665 824 1697 well aware, of the illegality of the system of monopolies.
213 1698 795 1732 * Governor Moens' memorial to his successor, 1781.
