1178 1989
123 1579 989 1616 * Report says, that the Church was occupied as a slave godown, on special
94 1612 989 1653 emergencies, and that in the week days, when the sacred edifice was not
89 1643 990 1677 required for religious purposes, it was employed to keep these unfortunate
93 1677 992 1710 creatures in, who had usually been carried off by the Moplahs, and sold to the
93 1709 938 1741 Dutch, who shipped them to Ceylon, Batavia, the Cape, and other places.
