1170 1975
113 1551 1017 1589 "in a decayed Settlement like Cochin; and what we must regard (to say the least)
113 1584 1017 1620 "as the inconsiderate suppression of the Dutch Orphan House, with its ample
113 1611 1013 1651 "funds, must have increased the misery in many an indigent household."
118 1651 1023 1684 Unprejudiced readers may satisfy themselves, how far facts are in accordance
118 1683 345 1715 with this assertion.
144 1715 462 1751 * Cutcherry Records. M.S.S.
