1189 1998
257 1488 1113 1522 * As a Medical topography, is incompatible, with the scheme of the present,
216 1518 1113 1551 work, it can only be observed : that it is unfortunately but too true, that "no
216 1541 1113 1587 "town of corresponding importance, possesses in so small a degree, appliances,
214 1573 1113 1619 "for the preservation of the public health, or where sewerage and drainage,
216 1605 1117 1647 "are so little attended to" but these matters, are in no degree under medical
216 1643 1117 1675 control. Readers curious on these subjects, are referred to the first 3 volumes
214 1674 1117 1706 of the Madras Quarterly Journal of Medical Science, for the years 1860
214 1706 338 1738 and 1861.
