1173 1989
138 1417 1016 1455 * Portuguese Historians affirm, that in 1547, when this cave was being cleaned
111 1454 1013 1486 out, the old stone cross was discovered, and on it many dark red spots resem-
117 1485 1016 1519 bling blood. Miracles did not cease here, for in 1551, it is stated, that when the
109 1517 1015 1551 oratory was being repaired, this stone was solemnly set up, and whilst the
119 1548 1016 1584 priest was reading the Gospel, it commenced turning black and shining, then
115 1581 1022 1615 perspired, and resumed its original grey colour, when the spots of blood came
109 1612 1022 1645 out clearer than ever. Ten years later, the hieroglyphies on the cross, were
115 1644 1016 1676 tranlated by a Brahman, into a short history of the Saint and his Converts,
113 1675 1020 1709 with an account of his death, and the erection of the stone, by certain Kings
117 1706 1018 1738 in commemoration of him. Before the year 1561, its being in a perspiration
121 1740 958 1772 was considered a good omen, but since that period it has been a bad one.
