1184 1989
195 1560 1059 1594 * Paoli says, "had they been originally Indians, why should they make use
187 1592 1061 1624 "of Chaldaic expressions, and not much rather words peculiar to the Malabar
185 1621 1065 1655 "and Sanscrit langauges? it is therefore not improbable, that a considerable
187 1653 1071 1687 "number of Christians, went from Persia and Chaldea to India, and united
189 1683 1065 1716 "themselves to the small body of the original Indian Christians, whose ances-
185 1714 1069 1752 "tors were formerly converted to the Christian faith, by the Apostle Thomas."
