1173 1989
113 1333 975 1369 * The term Nestoians, is derived from Nestorius, who was consecrated
86 1367 970 1400 Bishop of Constantinople, A.D. 429. He acknowledged the duality of persons
88 1397 966 1431 in the Saviour of the world, and that a worshipper might unite in his adora-
91 1429 850 1462 tions, the persons and the natures, which he separated in his Creed.
129 1468 968 1501 † During the seventh century, the Moplahs oppressed the Syrians, so they
91 1497 970 1531 retired from the Northern portions of Malabar, to the Cochin territory, choos-
88 1528 973 1562 ing a head man or king. Subsequently owing to adoption, a Hindu prince
93 1560 975 1594 ruled over them in temporal matters : when the Portuguese arrived, he was
93 1590 973 1624 named Beliarte, Rajah of Diamper, and was bound to protect them against
93 1620 973 1654 Hindus or Mahomedans, but being bankrupt, he applied to the Europeans for
93 1650 975 1684 pecuniary assistance. The Christians were divided into two parts, the
89 1682 973 1715 Northern or Samorin's party, denominated Panircurra, which included all
