1184 1989
173 1290 1061 1322 Princes and tribes in the Northern portion of Malayala : and the Southern or
173 1319 1067 1351 Cochin Rajah's division, termed Ciovarecurra, which included the Princes and
173 1351 1061 1383 tribes in the South of Malayala. This division has been erroneously consi-
173 1380 1061 1416 dered, to designate the descendants of the legitimate and illegitimate offspring
175 1412 1061 1446 of Thomas Cana, reputed to have possessed two wives, one a Nairchee, the
173 1444 1063 1476 other a Chogan ; the offspring of the former settling in North, those of the
169 1473 1059 1505 latter in South Malabar. A third tradition, is that all the Syrians are de-
169 1505 1061 1537 scended from four distinct families, who at different times, settled in various
173 1535 501 1570 places on the Malabar Coast.
217 1568 1059 1602 * The name Jacobite, is said to have been derived, from Jacob of Uraha,
169 1600 1061 1633 (commonly known as Edessa, or Callirhoe) who A.D. 656, was consecrated
169 1631 1055 1663 Bishop of Uraha, the Metropolis of Osrhocue, now called Ourfa, near the Eu-
175 1663 1061 1697 phrates. He restored the Syriac language to its original purity. His doctrines
169 1694 1022 1726 were that there was but one will or operation, in the two natures of Christ.
