1153 1967
147 1386 996 1423 * The four Roman Catholic castes, are at the present time, divided in the
119 1422 996 1454 following manner. The first, the Arawutnarleecar, (or the community of sixty-
119 1453 1000 1487 four,) is said to have consisted originally of converted Brahmans and Nairs.
121 1482 1000 1519 The second, the Moonootecar, (or three hundred,) are the Latins, or Topasses,
115 1512 996 1548 so named from wearing hats, and believed to have mostly sprung from domes-
121 1543 1000 1579 tic slaves. The third, the Unuttccar, (the five hundred,) are considered to have
119 1574 998 1608 originally sprung from Mneuas, or converted fishermen, and other low caste
119 1605 996 1642 people, they generally call themselves Moplahs. The fourth, the Erunoortecar
117 1635 1000 1671 (seven hundred,) are the descendants of the sail slaves. The Catanars or Priests
122 1666 995 1700 are generally taken from the second, or fourth of these communities or castes.
