1173 1989
132 1509 985 1543 * There is a tradition still in existence, that this Mar Attilla was drowned in
93 1540 981 1574 the Cochin river, by the Portuguese, when the Syrians came to attack the town.
95 1571 991 1603 But as he is stated on excellent authority to have been burnt at Goa, it seems
89 1603 981 1635 scarcely probable that he died in two different ways, at two different places, un-
93 1633 989 1666 less he had more lives than usually falls to the lot of mortals. Perhaps when
93 1664 981 1697 embarking, he fell, or jumped into the river, from whence he was dragged out,
93 1695 985 1729 and despatched to Goa, where "flammis datus interiit." The Syrians had a
