1184 1989
181 1568 1093 1600 carving, representing his martyrdom by drowning, which formed part of a
181 1598 1091 1635 shrine in the Church at Mavillicurray. They appear to have prayed before it,
181 1629 1087 1665 and treated it with superstitious reverence. But as Attila was not drowned,
185 1661 1095 1693 he can hardly be reckoned a martyr on that score, and as he had never been in
185 1692 1095 1724 India previously, the Syrians could not have had a very accurate idea of his
181 1724 771 1756 religious attainments, or administrative capacity.
