1184 1989
201 1410 1055 1448 * History is silent respecting what became of the numerous Syriac books,
165 1442 1071 1476 the Dutch must have obtained at Cranganore; they do not ever appear to have
165 1473 1061 1507 been given to the world, and a long personal search, has proved their non-exist-
161 1505 664 1537 ence amongst the Dutch records of Cochin.
189 1558 1071 1592 † It seems that after the advent of the Dutch, many institutions such as the
161 1589 1065 1626 above, on being removed to more secure territory in the Native States,
165 1619 1069 1657 took the names of their original stations with them. Consequently it does not
165 1651 1071 1689 always follow, that Roman Catholic stations whic bear certain names at the
165 1682 1061 1722 present day, are the same places, which formerly in the time of the Portuguese
167 1716 440 1748 bore those designations.
