1170 1998
113 1535 994 1577 * They were however jealous of foreign interference; thus in 1740, when the
91 1574 994 1610 Moravian United Brethren, attempted to establish a Mission in Ceylon, the
87 1605 994 1641 Clergy opposed the project so virulently, that the Governor, Van Imhoff, was
85 1636 994 1670 obliged to order the Missionaries to settle inland, beyond the Dutch limits.
87 1668 994 1703 At the end of that year, Van Imhoff was promoted to Batavia, and the Mora-
95 1699 580 1733 vians, in October were expelled to the Island.
