1170 1998
161 1498 1015 1534 * It must be a subject of regret, to the well wishers of a Christianity of
136 1531 1013 1565 peace and love, to perceive the virulent declamations, of some Protestants,
136 1561 1023 1594 against those in authority, whom they denounce as passively, if not
128 1592 1015 1625 actively hostile to religion. The chapter on the Dutch, shows how Christianity
132 1622 1023 1657 flourishes under hot house cultivation : and the present lamentable paucity of
140 1654 1015 1686 Protestants, in the Cochin and Travancore States, the subsequent result of
132 1685 274 1717 such a plan.
