1167 1998
159 1573 1038 1613 * The exact situation of the mountain Meru, has not been defined, but it is
140 1610 817 1648 generally believed to be located to the north of Hindustan.
167 1641 1034 1677 † Some believe that Vishnu did not rescue the book of the Vedas, or Sacred
138 1670 1034 1704 laws, from the flood, but restored the law of nature, and the natural order
136 1701 885 1733 and connection of the elements, which the flood had subverted.
