1167 1981
176 1434 1038 1468 * After Vishnu, in the form of Rama had killed Ravana, the wife of
143 1467 1040 1499 the latter came and prayed for a blessing, and he promised she should never be a
147 1498 1032 1530 widow. Then discovering to whom he had made this promise, he directed
143 1527 1036 1561 Hunaman to constantly heap up wood on Ravana's funeral pyre, which he con-
143 1558 1036 1592 tinues until the present time. Until the fire goes out, Ravana's body cannot
145 1589 1038 1623 be considered to be consumed, and until it is, his wife is not a widow. Should
143 1620 1038 1654 a Hindu be asked for a proof of the truth of this, he directs one to place a
143 1651 1036 1685 finger in either ear, when the noise of the fire still burning may be distinctly
147 1684 221 1716 heard.
