1173 1989
222 1530 619 1568 * Kennedy's Researches, page 291.
221 1570 1083 1611 † The serpent appears as a type of the evil one, to have always had altars
191 1601 1081 1645 raised for his service, to deprecate his anger. As this reptile is long lived, and
195 1632 1083 1676 yearly changes his skin, it after a time became to be considered, as almost im-
191 1663 706 1707 mortal, and employed to typify immortality.
