1178 1998
223 1514 1093 1554 * This may be one reason, why ill governed Native states, are preferred by
196 1551 1101 1586 the inhabitants, to the well ruled British possessions. Natives appear better
196 1583 1095 1617 satisfied if kept in order by force, and bullied into reason, than if treated by
196 1614 1101 1650 kindness, and ruled with forbearance, which is synonymous amongst them,
200 1646 1104 1682 with cowardice, fear, or foolishness. So it is in magisterial matters, he who
200 1677 1104 1713 decides all cases upon their merits, without allowing bribes to sway him, has
200 1709 898 1746 the epithet of "silly fellow," or "fool," affixed to his name!
