1189 2006
196 1547 1048 1595 * The whole of the Hindu races, are divided into the northern and southern
162 1583 1050 1625 sects, said to have been by the direction of Kali, who delivered the order on
164 1615 1052 1659 copper plates at the Conjaveram Pagoda, but the plates cannot now be found.
162 1645 1052 1688 As a rule, those of different divisions do not inter-marry. The Syrians are
162 1674 412 1708 also similarly divided.
