1184 1964
554 238 756 281 THE JEWESSES.
201 234 271 282 340
205 290 1098 349 gives him an imposing and patriarchal appearance. It is curious to
202 348 1098 379 visit one of these communities of an evening, and to watch them in
199 383 1100 430 a Hindu State, in their long flowing robes, wending their way to the
199 423 1100 458 Synagogue. Their waist-coats are buttoned up in front, and the robe
201 460 1096 506 is on Sundays composed of materials, of whatever hue thcy prefer, and
207 502 1101 544 full white trowsers complete the costume. Thcir heads are shaved at
199 542 1100 591 an early age, leaving only one lock in front and above both ears, they
209 579 1059 624 wear a scull cap on ordinary occasions, but occasionally a turban.
238 620 1102 657 The Jewesses do not like being seen by strangers, or walking in
202 657 1096 702 the streets. They arc seldom visible, excepting at weddings, and
205 698 1098 744 great festivals, and their language is said not to be such, as is
207 737 1099 783 generally approved by ears polite. They have fine figures, but therc
201 774 1099 817 are but few pretty faces amongst them. The attire of the middle
205 814 1098 854 aged women, is by no means so graceful as that of the men, as they
205 852 1100 898 have copied the jackets, and scanty skirts, or cloths, worn by the
205 897 1100 944 surrounding Natives. The cloth is fastened round the waist, by a
207 930 1100 977 gold or silver belt, from whence a bunch of gold or silver keys, are
205 968 1101 1015 suspended. They are usually very plainly dressed, but for grand
205 1012 1098 1057 occasions, they have some magnificent costumes, composed of cloth
202 1046 1100 1086 of gold and silver, but thesc they seldom wear, after the first few
211 1083 1100 1129 years of their marriage : one of them has a white muslin Malabar
211 1124 1098 1166 dress, bordered all round with sovereigns, and a stomacher made of
209 1165 1101 1209 little gold fish, intermingled with jewels. Sometimes the skirt is made
209 1208 1104 1248 of silk, but more commonly of printed calico. They wear a square
207 1245 1100 1282 head dress, with a white veil, which falls over their shoulders, as
202 1282 1106 1327 low as the waist. The necks arc perfectly loaded with chains of
209 1323 1101 1361 coins, mostly Venctian sequins, and other curiously fashioned gold¬
207 1359 1102 1407 en ornaments. When the black Jews, commonly called by the
207 1402 1102 1437 white Jews, “ the slaves,”* became more opulent, thcy began to
212 1442 1105 1483 wear dresses and ornaments of coins, and necklaces, like the white
207 1479 1100 1519 division. This gave great offence, so abont 1860, the Bagdad dress
211 1518 1098 1562 was adopted by the young white Jewesscs. Another reason assign¬
207 1558 1102 1602 ed for this change of costume, is that young Jews from other placcs
234 1611 1105 1644 * The Jews of Cochin, do not appear to have strictly kept to the Mosaical
206 1637 1105 1682 law, of manumitting their slaves, after a certain number of years : or boring
211 1674 1105 1710 their ears against the door post. A person now in Cochin who was a slave, but
211 1706 1109 1761 manumitted himself, states that his father, grandfather and himself, were kept
212 1738 975 1770 slaves, whilst he is not the only instance of this having been done.
