1178 1964
380 199 710 265 JEWISH COPPER PLATES.
921 215 981 257 341
94 273 981 323 who were unaccustomed to the ugly Malabar style of dress, disliked
91 315 980 364 it extremely, and in consequence rarely took Brides from amongst
94 362 979 400 their country women in Cochin. The more elderly married women,
89 398 982 440 not caring so much for personal appearance, have retained the
94 438 603 475 costume to which they are accustomed.
125 470 979 516 The Bagdad dress consists of a scanty skirt, of rich cloth, satin,
94 510 981 553 figured barege, or muslin, made in one piece, from the neek to the
89 553 980 591 ankles, gathered in behind, fastened up in front, and open from the
94 593 971 627 throat, nearly as far down as the waist, showing a white handker¬
96 630 979 674 chief or stomacher. Their hair is usually very untidy, and the older
92 669 979 713 women appear to take very little trouble, in personal adornment.
92 708 980 754 Married women after the birth of their second child, generally Icave
92 751 979 787 off their jewels, and dress plainly. In mourning, they wear either
92 789 976 820 white clothing edged with black, and white or blaek ornaments :
92 828 521 873 or dresses of a deep blue colour.
125 862 977 902 After marriage, they always eover their heads, either with a hand¬
92 902 976 943 kerehief, or on grand occasions, with a little gold coloured cap, with
88 942 979 978 a long golden tassel. In the Synagogue, all the females have their
92 979 852 1021 heads covered, some of them by long muslin or niet veils.
123 1019 979 1062 As age ereeps on, the Jewess rapidly loses her good looks, and at
92 1061 597 1099 thirty may be considered quite passée.
125 1084 977 1142 The white Jews possess three copper plates,* looking as if they
94 1134 982 1178 had been taken from a ship’s side, 4 by 4 of a yard in size. The
94 1173 977 1216 outer one has no inscription. The translation has been declared by
94 1214 982 1250 those competent to judge, to be identical with that of the Syrian
92 1252 980 1295 Plates. Governor Moens obtained three different translations of these
102 1293 979 1334 plates, the substance of the three being the same, although the word¬
88 1326 985 1371 ing was different. He gives the following as the most correct version.
118 1364 978 1406 “With the help of God who formed the world, and establishes
89 1402 985 1457 “ Kings, and whom we honor, we, Erawi, Wanwara, emperor of
89 1439 982 1475 “ Malabar, in the thirty-sixth ycar of our lucky reign, and in the
94 1484 981 1522 “fort, Moidiricotta, (Cranganore,) give this deed of rights, to the
111 1529 982 1563 * The Rev. C. Buchanan, states that the original plate was of brass, and
88 1562 985 1595 engraved on both sides. He had facsimiles made from it, on two copper plates,
88 1587 982 1618 which he deposited in the University of Cambridge. The carving of the origi-
89 1610 979 1651 nal, is said to have looked very old, that on the present plates, certainly does
88 1637 981 1675 not do so. If the plate at Cambridge is of brass, and engraved on both sides,
89 1664 980 1704 it may perhaps be concluded, that Dr. Buchanan returned the new plates to
88 1695 450 1747 the Jews, and kept the old one.
