1184 1964
511 218 749 257 THE SYNAGOGUE.
179 210 236 258 344
171 262 1086 315 states, that the most ancient M.S. that he obtained from the black
172 321 1084 362 Jews, was a copy of the Pentateuch, written on a roll of 37 goatskins,
177 356 1089 395 dyed red, 48 feet long, and 22 inches broad, (a Jewish cubit,) it was
175 394 1084 434 incomplete, as Leviticus, and a great part of Deuteronomy were absent:
175 431 1082 479 its original length must have been about ninety feet. The deviations
179 478 1085 518 from the common Hebrew text, printed in Europe, were very unim¬
179 514 1088 557 portant. The half-caste Jews, may belong to the congregation of
175 557 1090 591 the white Jews. One community of this class, has settled in the
177 590 1084 639 town of Cochin, and have obtainéd the sanction from Bagdad, which
180 633 1084 676 permits one of their number to slaughter fowls for food, and to per¬
180 672 590 720 form the requisite ceremonies.
611 672 1092 720 They separated themselves from the
177 714 1089 754 remainder of their community in Jew’s town, about 15 years since,
180 750 1086 798 partly on account of an ill-feeling at that time prevalent, in conse¬
185 787 1092 831 quence of their women not being allowed to dress themselves in the
183 827 1092 872 golden chains, and ornaments, worn by the higher classes. In the
185 864 1092 907 British town, they can now do as they please, and dress in any way
185 907 1091 954 they like, but should they return to Jews’ town, these privileges would
185 943 824 985 be immediately, and forcibly, taken from them.
223 977 1088 1019 The Synagoques belonging to the black Jews, have nothing re¬
185 1019 1091 1060 markable about them.* These people, distinctly show their native
183 1057 1090 1102 origin. The Jewish caste of features is apparent, in those of rather
187 1099 1094 1138 a light complexion, demonstrating the race from which they are
188 1139 1092 1179 sprung. Some of the darkest coloured of these Jews, are so
183 1180 1092 1217 like the Natives of Malabar, as at once to convince the most scep¬
188 1215 1094 1262 tical observer, that they must have originated from amongst
187 1255 1096 1294 the surrounding population. Some of them are converts, and others
187 1291 1096 1331 the descendants of slaves, purchased by the Jews, in the time of the
187 1331 1099 1372 Portuguese, and Dutch, and converted to the Jewish faith. They
191 1372 1098 1411 act as inferiors to the white Jews at some feasts, but have never
193 1411 1094 1459 paid any tribute to them, still being an inferior race, they are not allow¬
187 1446 1096 1488 ed to sit down in their presence. The white Jews are traders, and
188 1490 1100 1530 merchants, whilst the black Jews gain their livelihood, by practising
191 1525 1097 1562 various handicrafts and are sawyers, blacksmiths, carpenters, brick¬
191 1565 1098 1602 layers, book-binders, tailors, fishermen, servants to the white
242 1613 1092 1666 * Although the Black Jews perform their own religious services, should a
196 1658 1092 1697 White Rabbi enter their Synagogue, they must give place, and allow him to
193 1690 445 1737 carry on the Service.
