1178 1964
355 170 690 238 FEAST OF TAABERNACLES.
907 178 965 247 347
63 237 973 291 and in the Synagogue, repcated about three in the evening; and
70 293 294 339 again at sun set.
104 317 970 367 On one day in the year, in commemoration of the destruction of
70 371 972 410 Jerusalem, they hold a very strict and solemn fast, from 3-30 one
68 409 965 452 day, until 7 P. M. on the following. They clothe themselves in deep
70 449 965 484 mourning, and bewail the desolation of their parent city. The Jews
63 483 965 531 in their Synagogues, and the Jewesses on the floors of their houses,
66 526 967 568 all appear to be weeping for sone great calamity, and mourning
68 565 965 610 the loss of some dear object.* The great day of atonement every year,
68 607 965 649 is kept very strietly, and the males are dressed in the same white
68 642 796 686 fowing robes, that will after death, form their shrouds.
98 668 967 722 The Passover is strietly kept, and very few Europeans have had
63 721 969 755 an opportunity of obserying its celebration. Every one is dressed as
63 755 964 803 for a journey, the kid is divided in accordance with the Mosaie order,
63 797 964 847 and is eaten in haste, but the blood is not sprinkled upon the door
69 836 273 887 post and lintel.
95 864 964 910 * The feast of the Tabernacles, is observed with mere pomp and ecre¬
63 915 958 955 mony, than any of the others, and then the women appear in public.
70 947 967 991 Attached to every house, is an open flat roof or space, on which some
66 984 967 1019 eadjan leaves are raised, so as to form a sort of covering, and here in
68 1020 969 1058 the open air, all take their meals. Cups of oil are kept lighted at the
68 1058 969 1099 doorways of every house, whilst opposite the Synagogue is a large
63 1100 965 1145 stand, filled with oil lights. On the last and great day of the feast,
68 1141 965 1179 the congregation assembles in the Synagogue, at about half-past one,
66 1179 967 1217 und the service commences at two. Persons of both sexes and
70 1213 967 1251 every age, congregate in the house of prayer, which is decorated, for
71 1251 967 1295 the oceasion : square picces of coloured tinsel hang from the ceiling
62 1303 966 1340 of the porch, whilst within, the walls are hiddeu from view, by
70 1324 965 1371 eloths of various eolours, some of which are spangled with silver.
68 1372 969 1410 Around the reading desk, is a string of the white flowers, of the Indian
63 1410 965 1450 Jessamine. The five books of the law are seen in the tabernacle, in
66 1444 967 1497 their silver eases, cach being surmounted by a golden crown, the two
87 1533 967 1569 * The observer acquainted with the cause of this great mourning, must on
70 1565 967 1607 entering the Synagogue of the black Jews, experience a mixed feeling, of pain
62 1602 961 1636 and absurdity. The former at witnessing the mournful aspect, and doleful
63 1634 970 1673 lamentations around him; and the latter on remembering, that they are all
60 1659 701 1710 Natives of India, alike ignorant of history, or geography.
