1206 1975
502 209 835 257 FEAST OF TABERNACLES.
208 201 272 257 348
202 263 1100 314 external of which, differ, in that they have a sort of turret at either
202 315 1100 348 extremity. All the oil lights, whieh are in brazen vessels, or else in
209 350 1097 394 glasses with brass supporters, are seen alight, everv one is in holi¬
202 388 1100 432 day attire. The flowing robes of the Jews are crimson, plum colour,
202 428 1101 472 bronze, amber, orange, green, yellow, or even shawl patterns : whilst
204 470 1093 512 the turbans wound around the white skull caps, are often excceding-
205 505 1100 559 ly handsome. The women in thieir gallery,* have dresses of the
205 545 1100 590 same bright colours, as those of tlie men, also dark blue, light blue,
205 590 670 630 primrose, pink spotted, and barege.
237 620 1097 662 A little after two o’eloek, all the miale congregation advance to¬
205 660 1096 701 wards the Books of the Law, the three centre ones are taken down
199 698 1093 738 from their position, and borne towards the door, in the midst of
205 737 1094 782 chants and songs of praise ; at every step members of the congre¬
207 781 1096 822 gation press forward to salute them. Having arrived at the Court,
202 821 1097 865 they are carried around thie building, commencing from the northern
199 859 1094 897 side. All join in singing, whilst those in front, and around thie books,
201 898 1096 931 commence daneing and jumping about. When the Jews have left the
202 934 1094 971 building, the Jewesses come dowu from their gallery, and kiss the
199 970 1094 1016 two remaining books. In the meantime, the threc others having been
199 1010 1093 1056 carried as deseribed, three times around the building, the Synagogue
195 1046 1092 1084 is again entered, and the two remaining volumes are taken out, to
197 1093 1092 1137 join in the last round.f In the Synagoguc of the black Jews, rose
220 1156 1089 1197 * Women are not a portion of the congregation, their presence being merely
195 1193 1090 1225 tolerated in a gallery, which is hardly considered a portion of the sacred
195 1219 1086 1259 building. It is said, that Jews offer up daily thanks, that they were not born
201 1254 413 1296 of the female sex !
215 1275 1089 1327 † The Rev. J. Roberts, (Journal Royal Asiatie Society,) observes upon the
192 1323 1084 1365 similarity of this feast, to that obtaining amongst the Hindus when they take their
191 1356 1082 1393 principal Deitics out in procession, in their tabernacles, preceded by priests, sing-
199 1387 1082 1422 ers, musicians, and the dancing girls of the Temple. This is done to demon-
192 1420 1082 1450 strate from which god they considered they are deriving protection, or else to
199 1449 1084 1481 honour him, in hopes that he will dissipate some sickness, or avert the evil eye.
197 1481 1086 1514 The Hindu tabernacle, is properly speaking borne by priests, (although it is
195 1508 1084 1546 now mostly taken on wheels forming a car) whilst that of the Jews is directed
197 1538 1091 1579 to be carried by Levites : or should none such be present, by the highest in
195 1570 759 1610 rank, amongst the members of the congregation.
223 1603 1084 1642 The Jews, Amos v. 26, were told, that " ye have borne the tabernacle of your
191 1641 1085 1681 "Moloch, and Chiun, your images, the star of your god, which ye made to
192 1670 1089 1722 "yourselves." This Chiun, has been by good authorities, surmised to mean
