1178 1964
272 201 804 258 PIRST ARRIVAL OF JEWS IN MALABAR.
919 214 977 258 349
84 277 971 317 water is sprinkled from a silver bottle over the books, and the peo¬
85 322 937 370 ple, but with tlie white Jews, it is only made use of at the door.
114 361 973 400 This peculiar people, this nation within a nation, have been occa¬
80 393 981 442 sionally persecuted and oppressed, but still they throve. In the time of
85 437 979 475 the Dutch they reached the highest point of their prosperity, but when
82 475 975 514 the British took Cochin, they gradually but surcly declined, and de¬
85 515 979 557 creased in nuubers, power, and opulence. During the last few years,
84 555 982 595 they have again been more prosperons, their trade has increased,
85 592 979 634 they have become more wealthy, and altogether a decided change for
90 632 982 667 the better, is perceptible amougst them. In their formerly great
85 669 980 708 and remuncrative trade, which in the time of the Dutch they al¬
90 707 984 748 most monopolized, they are now supplanted by Europeans, Parsees,
84 748 982 786 Moplahs, and others. The women now principally employ themselves
85 786 980 826 in making coarse lace, and embroideriug caps, which meet with a
90 826 665 867 ready sale in Bombay, amongst the Parsees.
119 865 979 913 Basnage supposes it not improbable, that the first Jews who arrived
84 913 980 946 on this eoast, came in Solonion’s flect. Their own legends affirm,
88 938 982 981 that about A. D. 68 after the destruction of the second temple, about
85 979 982 1023 one thousand Jews and Jewesses canie to Malabar, where three fourths
84 1017 981 1066 of thein settled at Cranganore, and tlie remainder in other places,
85 1057 980 1097 and that in the year A. D. 379,f just the year after Cheraman
90 1091 979 1154 Permaul’s death, tlie Jews at Cranganore received a copper plate,
84 1183 981 1224 Chiven, or Siva of the Hindus, the idol they mostly carry in procession ; whilst
90 1221 979 1258 Moloch, appears to be Kali or Bhagavadi, Siva’s wife (see page 283.) The
85 1254 954 1294 star in the knee of Gemini, is termed Siva’s star, and is painted on his car.
111 1289 980 1328 In the fragment to Cahnet, it is said. "It wili no doubt be observed, that
92 1326 980 1359 "the Chiun of Amos, is a term'used many ages after the event to which the
84 1357 981 1392 "prophet refers, which are thus connected with the history of Balaam, Numbers
84 1390 981 1427 "Ch. XXII and the term in Numbers, is not Chiun, but Baal-peor." Thus
88 1418 982 1457 Amos calls Baal-peor by the name of Chiven, or Siva, which "Israel joined him-
90 1451 175 1490 self to."
119 1476 982 1522 * In the Romo-Syrian church at Shallacooddee, there is a representation over
88 1519 982 1560 their figure of St. George, said to have been of Jewish origin. It is a triangle
92 1551 984 1588 inside which is an eye, surrounded by a halo, or Unity in Trinity. The Vicar
94 1578 987 1624 stated it owed its origin to a Jewish legend, that Moses on Mount Sinai was
92 1613 658 1662 only permitted to see one of the Almighty’s eyes.
122 1646 988 1693 † This is the date given in the Jewish translation, received from the Senior
88 1690 988 1738 Rabbi at Jewstown, who in 1861 had charge of the Jewish plates. The most
