1206 1975
411 221 862 297 FIRST SETTLEMENT IN MALAEAR.
186 249 254 293 350
185 301 1085 354 giving them the privileges, as already translated in full, and accord¬
186 349 1088 386 ing to their own account, they had a head man of their tribes
189 389 428 436 Suranum Moplah.
225 428 1088 472 Van Reede, who took a great interest in this people, stated in
186 464 1086 507 1695, that they were of the tribe of Manasseh, a portion of whom
186 505 1088 541 were carried away by Nebuchadnezzar, to the eastern extremity of
189 542 1086 589 his vast empire, from whence they migrated into Malabar, carrying
186 586 1088 625 with them tlie silver trumpets, made use of in the time of the Jubilee,
183 625 1088 659 and on which were inscribed the ineffable name. The number of
189 665 1086 705 persons composing this emigration, has been variously estimated, at
183 702 1085 738 from 18, to 80,000, but common sense precludes the possibility of
185 740 1087 779 so large a number of persons as that last mentioned, arriving at the
183 782 1086 826 same time. Even at  the present day, notwithstanding all the
183 821 1085 862 modern appliances of steam, &e., moving such an enormous army,
185 865 1080 905 would be a fearful undertaking. However this may have been, the
185 898 1076 937 Jews increased rapidly in Malabar, and in course of time, having be
185 940 1085 980 come wealthy, they were able according to some accounts, to purchase
186 975 1085 1010 Cranganore. But this may mueh more probably be understood to
185 1015 1085 1051 mean, that they purehased the right of living tax free, being under
186 1052 1082 1090 the Government of their own people, and trying and punishing their
183 1114 1080 1151 extraordinary legends concerning this people are extant, and for the verifica-
183 1149 1080 1186 tion of many of them, the shade of Cheraman Permaul is invoked, even hundreds
181 1183 1086 1213 of years after he had paid the debt of nature, A.D. 378. For this event
186 1213 1080 1254 various authors have indulged in dates of their own, without advancing any
183 1244 1086 1277 argument whatever, tending to prove them correct; for instance. Moens, gives
183 1275 1080 1315 A. D. 426. Dr. C. Buchanan, 490. Bishop Middleton, 508. Mr. Lawson,
183 1303 1085 1340 750. The Rev. T. Whitehouse, 825! Paoli, the tenth century ; and the Jews
187 1339 1080 1377 themselves, A. D. 379, making a trifling difference of 446 years, between the
181 1368 1078 1405 date given by them, and that by Mr. Whitehouse. It appcars that the origi-
183 1402 1079 1434 nal date, or rather that given on the copper plates by the translator, is one
189 1434 1082 1469 year subsequent to Cheraman Permaul's death, whereas the text of the grant,
178 1463 1080 1492 states it to have been made in the 36th year of his reign, or the year before
183 1489 1080 1528 his demise, viz., A. D. 377. If the translation is referred to, it will be seen
187 1526 1078 1566 that the grant was made in the 36th year of his reign, but written in A.D. 379.
189 1550 1079 1590 The Syrian plates are identical with those of the Jews, which has given rise to
191 1583 1087 1619 the idea, that both, or at all events one of them, must be spurious, but quite
186 1605 1080 1650 an opposite construction may be placed on this similarity. If they were both
186 1650 1080 1683 granted at the same time, and conferred the same privileges, it is but natural
186 1677 1082 1711 to suppose, that similar words aud expressions might be used, where the
191 1709 985 1750 witnesses were the same, and the same Secretary drew up the grants.
