1184 1973
186 212 977 278 352 JEWS SEEK PROTECTION IN PORTUGUESE COCHIN.
187 287 1090 338 Portuguesc, many of the Jews were probably carried away to Chenotta,
187 329 1092 369 or Chennamungalum, where a colony of them still exists. There
188 372 1090 412 were no Jews in Cochin, when the Portuguese arrived there in 1500,
187 411 1092 455 but at Cranganore there were a few, in a miserable state of
188 451 1090 494 destitution, who were probably a remnant of the former community,
188 491 1086 530 who had either returned, or escaped from servitude. It is only
191 530 1092 571 natural, that they should after this, wish to quit the scene
187 571 1092 609 of their former power, and grandeur, which had now passed
188 607 1093 653 away, and in 1565, when the Samorin, and his Moorish Allies, assisted
187 647 1092 688 by one of the petty Rajahs, again invaded the Cochin State, these
191 688 1092 732 people were probably again severely treated, for the Samorin’s
193 725 1092 772 party were victorious, and the Coehin Rajah, and two Princes, were
193 767 1092 814 slain in battle on January 27th, 1565,* whilst the succeeding Rajah,
193 804 1090 846 met with the same fate, fourteen days later. Some of the Portu¬
195 844 1091 890 guesc, were no doubt present, with tlie Cochin party, and as they
193 883 1090 925 werc worsted, had no time for oppressing the Jews, who in this very
195 923 1092 969 year, (probably after thie occurrence of the above events,) obtained
191 962 1090 1004 refuge in Cochin, during the time they were building Jews town,
193 1001 1090 1041 under tlic walls of tlie fort. In this year also, the Portuguese were
193 1042 1094 1087 obliged to cnlarge and strengthen the fortress, at Cranganore,f evi¬
188 1083 1093 1128 dently against the Samorin’s party. All that appears to be now
188 1121 1090 1168 known, is, that in 1565, the Jews fled from Cranganore to Cochin,
193 1166 878 1202 and erected their present settlement of Jews town.
224 1199 1096 1239 A want of spacc, preeludes the possibility of giving the numerous
191 1238 1098 1283 Jewish legends, which vary in diffcrent places, and may be said to
191 1283 1098 1322 be simply their own surmises, some of which are founded on actual
191 1326 1101 1362 occurrences affecting themselves, and others on those concerning
196 1360 995 1402 either the Syrians, or some of the other sects around them.
234 1403 1099 1451 On the capture of Cochin by the Dutch in 1663, the Jews were
196 1437 1095 1481 much depressed, owing to the punishment which had been inflicted
218 1506 1096 1539 * This battle was celebrated in Malabar verse, the poem is still extant, and
196 1538 1099 1579 enters fully into the details of the defeat, and death, of the Rajah of Cochin,
196 1570 448 1615 and the two Princes.
220 1598 1099 1649 † From the above it would seem probable, that the statement of Mr. White-
193 1643 1100 1675 house, in HISTORICAL NOTICES OF COCHIN "That in 1565 the Jews to escape the
199 1675 1100 1708 "persecutions of the Portuguese, left Cranganore, and put themselves under
196 1708 749 1746 the protection of the Cochin Rajah," is an error.
