1178 1981
941 219 1006 274 353
337 218 780 283 BRITISH RELATIONS WITH JEWS.
105 278 1006 335 upon them by the Portuguese, for having assisted the Dutch, in
107 329 1002 370 their first attack upon Cochin. But after this date prosperity again
105 369 1006 415 dawned upon them, and a leading member of the community had
107 409 995 451 the title of Modeliar conferred upon him, whilst one rich family
119 447 1000 493 (Ezekiel,) acted a very important part, in contracting their treaties
109 483 1005 528 with the Samorin, the Travancore or Ram Rajah, and others. The
109 526 1007 563 better class of Jews, were received in the best society of Cochin,
107 565 1006 606 where the wealthier possessed houses. In 1685, an immigration of
115 605 1005 642 White Jews occurred from Amsterdam, and subsequently others joined
107 645 1006 687 themfrom Palestine, Persia, Bagdad, Egypt, England, Poland, Germany,
107 678 533 732 especially Frankfort, and Spain.
139 712 1006 753 It may be asked, what the British since their advent to Cochin
105 755 1005 800 have done for the Jews? First came the Rev. C. Buchanan, who
107 797 996 835 interested himself greatly, both in the people and their records
109 835 1005 879 many of which last he obtained, and removed to Europe, where they
105 873 1005 911 are still regarded with wonder and interest. In his “ Christian Re¬
107 911 1002 961 searches,” may be found an account of all he gleaned respecting
107 947 1006 987 them. At the Black Jews’ Synagogue, he found many manuscripts
111 987 1005 1030 written on parchments, goat’s skin, and cotton paper, many of these he
111 1026 1010 1070 purchased, or rather procured, notwithstanding the resistance of
109 1070 687 1104 the greatest part of the Jews, and their
693 1068 1005 1115 disinclination to part
111 1102 662 1143 with the legends of their forefathers.
694 1102 1005 1153 But he managed to
107 1144 995 1187 escape from Jew’s town with his prize, and by the aid of money
107 1182 1006 1219 and the assistance of the Magistrate, it was finally agreed, that he
109 1218 488 1274 should retain many of them.
503 1713 579 1761 w 1
133 1289 1002 1331 * Observers have remarked upon the White Jews, having existed many
109 1325 1001 1362 centuries in the Cochin State, and have argued, that this affords a proof,
112 1355 1002 1391 that European blood, unmixed with that of the Native races, can be continued
107 1388 1005 1425 through many generations. But it is nothing of the sort, it is the best test
107 1417 999 1459 that could be adduced to the contrary, (admitting them to be pure Europeans,
111 1452 1004 1482 which they are not.) The pure White Jews have never been able to continue
109 1482 998 1514 their race without the aid of immigrants from other places, and before this
109 1510 1001 1553 question was ever mooted, Governor Moen’s remarked, that the White Jews
107 1540 999 1578 were continued, owing to constant admixture with new blood. So it is now,
109 1571 1001 1605 none of upwards of three generations, born in the country, of pure white
107 1602 1000 1636 blood on both father’s and mother’s side, can be detected. The plains of
107 1634 1000 1668 India are unsuited for permanent colonization by the white races, if we are to
102 1661 1006 1702 draw conclusions from bygone facts, or reason by analogy with what is daily
115 1692 344 1745 perceptible around.
