1189 2000
511 202 669 262 THE IMAMS.
143 221 209 273 360
147 278 1045 328 cause of the Mahomedan divisions was thie existence of Ali, Mowa-
155 322 1048 365 yeeah, and his friend Amru, so they determined to assassinate all in
147 363 1045 410 one day. This they attempted, but were only successful in murdering
155 405 1045 442 Ali, and thus terminated the reign of the last Caliph, in whom
147 442 1048 481 was united, both the temporal sovereignty or Caliphite, and the
152 476 1048 529 Iman or spiritual power. The first from this period fell to Mowa¬
152 519 986 561 veeah and his successors, the latter to the descendants of Ali.
184 560 1035 602 Hassan, Ali’s eldest son, was proclaimed Caliph, as well as Imam,
147 594 1045 635 but Mowaveeah compelled him to resign the first dignity, A. D.
147 634 1043 673 669, and nine years subsequently, he was poisoned by his wife. His
150 677 1041 718 brother Hossein, was second Imam, and when Mowaveeah died
147 703 1048 754 A. D. 679, and was succeeded by his profligate son Yezid, Hossein
147 753 1048 794 attempted to obtain the Caliphite, but was surrounded by Yezid’s
150 796 1045 834 troops, and mortally wounded. He staggered to his tent, and
146 833 1043 874 lifted up his infant to give it his last blessing, when an arrow pierc¬
150 873 1045 908 ed the child’s breast, and its life blood flowed over its agonised
144 913 1045 960 father, who rushing amongst the foe, soon fell a victim to their fury.
144 943 1045 992 All his family, excepting his son Ali, 12 years of age, and two sisters,
150 989 1048 1032 perished at the same time, but his murder was fearfully avenged.
149 1024 1049 1078 The anniversary of Hossein’s martyrdom, is kept as the Mohorrum,
150 1065 483 1105 both in India and Persia.
178 1103 1050 1150 There were altogether twelve Imams, although some Moslem sects
144 1148 1050 1186 acknowledge only one, others seven, whilst it is considered, there
152 1183 1045 1238 will be no legitimate Sovereign upon earth, until Mahomed the last
146 1227 565 1258 Imam, or his spirit, re-appears.
181 1254 1048 1306 The Mahomedans are separated into two great divisions, the Sheeas
144 1299 1045 1346 of whom the Persians are the chief representatives, and the Soonees
147 1338 1045 1379 amongst whom the Turks form the largest division. They are in
144 1376 1050 1422 most places very rancorous against one another, and have separate
144 1419 1041 1470 Mosques, or should a member of one sect attend the house of prayer
144 1456 1050 1502 of the other, it is mostly to cavil, whilst each dooms the other to
144 1503 717 1538 eternal condemnation in the world to come.
180 1526 1052 1578 The Sheeas call themselves lovers of justice, and assert that Ali
147 1576 1048 1614 was Mahomed’s lawful successor, and therefore the three other Caliphs
166 1645 1049 1673 * Some sects assert, that the spirit of one Imam was transmigrated into
146 1672 1056 1730 that of his successor : whilst others even believed them to be incarnations of
147 1701 272 1753 the Deity.
