1178 1981
940 216 1002 266 363
430 214 674 281 CASTE DIVISIONS.
96 281 1002 334 Diez,* who had been captured by a Corsair, on her voyage to Tercei¬
96 330 1002 368 ra, and came by purchase into the possession of the Sultan Selim.
116 368 1003 409 The grand Seignor, sent her as a present to Acbar. Having won
97 413 1000 447 that Emperor’s affection, she applied herself, and with success, to pro¬
96 446 1005 494 mote the interests of her country, and religion, in India. She it
101 487 1006 527 was who shook his belief in his faith, and had the Romish priests
103 522 1005 571 given him the Bible without adding legends to it, probably he might
97 567 998 604 have embraced the Christians’ creed. As it was, he attempted a
97 604 1002 648 religion of his own composition, and from that day, Mahomedans have
101 644 1002 685 been unable to assert, that their’s is the only true faith, but can only
96 685 503 732 call it, one amongst the many.
130 717 1001 768 Thus Hindu rites became engrafted into the Mahomedan ritual,
94 754 999 810 and as in Chapter VI we have seen, that Syrian Christians have not
96 798 1002 843 rejected Hindu feasts; in Chapter VII, how Hinduism in India,
101 839 997 878 became altered, and amalgamated with the religion of the aborigines:
96 877 1001 921 and in Chapter VIII, how identical many Jewish and Hindu forms
94 916 1000 957 are: so now we may perceive, how greatly Mahomedanism sank from
95 955 1002 1001 its contact with Hinduism, until even caste formed a part of the
100 992 1000 1039 Moslem’s creed. Saints and Martyrs were received into its Calendar,
96 1035 997 1068 and offerings at their shrines exceeded tbose made at the Mosques,
96 1070 999 1118 divisions became subdivided, until at last they numbered at least
103 1113 1002 1152 72 sects, differing in their belief, from true Islamism, to downright
96 1151 216 1194 atheism.
122 1174 1005 1230 Caste goes by birth, in the same way as amongst the Hindus, but
97 1224 1005 1273 it does not compel each son, to follow the exact occupation of his
100 1273 1005 1313 father. The Fakeers live near tombs, where they meditate and
101 1307 1006 1350 pray, subsisting on voluntary offerings. Amongst the devotees
100 1343 1005 1391 some deny the divine mission of Mahomed, and others the sacred
96 1383 827 1424 character of the Koran, or even the existence of a God.
137 1422 1006 1465 Imam was their ancient battle cry, the exulting shout of the
100 1464 1005 1505 victor, and the defiant cry of the vanquished.  It is one that the
100 1498 1002 1542 conquered have often heard with such varying feelings, well know-
100 1542 1005 1582 ing that where it was triumphant, mercy to the fallen was unknown.
100 1582 1006 1629 Imam was the name of their veligious creed, their old faith, but in India
100 1617 1006 1666 it is now no longer heard, calling their followers to arms, or encour¬
274 1694 800 1750 * Major Jervis, Memoirs of the Konkun, 1840.
