1198 1967
180 208 248 257 366
460 202 820 254 ORIGIN OF THE MOPLAIS.
177 265 1091 316 only remaining representatives, are the Mussalmen, still called
180 309 1094 355 Buddhists, consequently it is commonly reported, and believed, that
180 355 1094 394 Cheraman Permaul became a Mahomedan. but as he, (the last of
177 389 1094 433 that race of rulers,) died A.D. 378, and Mahomed was not born,
179 433 1091 474 until A.D. 569, it appears impossible, that any of that race, could
180 473 520 511 have embraced Islamism.
211 506 1088 553 A rich Mahomedan came from Arabia, A.D. 1489-90, and having
177 550 1097 586 ingratiated himself with the Samorin, obtained leave to build
180 589 1091 630 additional mosques in the country, consequently before this period,
180 635 716 675 they must have had temples in Malabar.
215 668 1095 707 Many towns along the Malabar coast, have a large proportion of
180 709 1094 747 their inhabitants, composed of Moplahs, (termed Lubbays in the
182 745 1089 786 South, and on the Madras side.) They no doubt are descended
182 787 1094 825 from Arab fathers, who traded to this coast, and formed fugitive
180 826 1094 866 alliances, with Teer or Chogan women: for ideas regarding the
180 869 1094 907 marriage tie, are rather peculiar in Malabar, (see page 317.) The
185 907 1091 947 children never appear to have been claimed by the fathers, in
182 941 1091 985 fact the very word Moplah, is said to have been derived, from
187 986 1087 1030 Mother, Ma, and child, pilla, showing to whose care, the offspring
185 1021 1094 1063 fell.* These Mother’s Children, now known as “Moplahs,” could not
187 1064 1095 1102 be considered Hindus, neither were they pure Mahomedans, by whom
190 1104 1096 1143 those with a “ bar sinister,” are regarded as a disgrace. Thus the
186 1144 1092 1192 Moplahs, rejected by both Hindus and Mahomedans, formed com¬
187 1177 1099 1226 munities and churches of their own, combining the superstitions of.
187 1222 1095 1262 the former race, with the intolerance of the latter: looked down
187 1261 1098 1307 upon and despised by others, they became morose and bigoted, and
187 1304 1092 1346 as their wealth and importance augmented, so did their jealousy
185 1340 1099 1378 against all interference with them. The “old Moplahs” assert, that
187 1379 1099 1422 being of Arabian extraction, they consider themselves of better birth
185 1418 1096 1458 than the Tartar races of Northern India. Their written characters are
188 1454 1094 1506 peculiar to themselves, and very different from the present Arabic:
201 1538 1095 1578 * The term Moplah, is not used by those of that sect, who call themselves
187 1564 1098 1609 Mussalmen, or Mahomedans. Duncan says, that a Cazee derived the name
190 1605 1099 1642 from Ma, "mother," and pilla, "a puppy:" as a term of reproach. MacLean
190 1637 1091 1670 considered that the word came from Maha, or Mahai, "Mocha" and Pilla, "a
190 1667 1097 1705 child, and therefore translated it, "children, or Natives, (perhaps outcastes) of
190 1699 832 1745 Mahai, or Mocha." Asiatic Researches, Vol. 5, Page 28.
