1178 1992
896 211 960 259 367
340 196 672 281 BEEBEE OF CANNANORE.
53 278 958 333 their language is likewise such as is not found elsewhere, being a
60 335 675 375 combination and corruption of several tongues.
87 361 961 414 Before the arrival of Vasco de Gama, the Moplahs had increased
56 404 960 449 the trade of the cities on the Malabar coast, and the people were in
56 446 957 494 a flourishing condition though having no Emir of note, they sub¬
60 482 962 530 mitted to Pagan laws. But none of their race were ever exccuted,
61 523 766 568 until those of his sect, first confirmed the judgment.
92 558 959 606 In the foregoing pages, it has been shown that they invariably
61 598 964 649 joined against the Europeans, as well as the many sources of irritation
60 644 964 681 they efcountered. In the last chapter, it has also been stated that
61 679 966 720 they massacred the Jews, a people aceursed by Mahomed; whilst
61 717 964 763 they persuaded the Samorin, to expel the Syrian Christians from
60 760 964 814 his territories, which was the principal reason of their seeking refuge
60 802 568 841 in the Cochin and Travancore States.
95 835 968 881 The Mahomedan author Zeireddein, writing about two centuries
64 877 968 919 and a half since, gave his version of the manner in which this sect was
66 917 968 958 treated by the Portuguese. He was naturally as much biassed
60 958 970 999 against the latter people, as their authors were against the Moplahs.
66 994 964 1033 He says that because the Mussalmen sinned so, God sent the Por¬
66 1033 970 1078 tuguese to punish them, by oppression, and cruelty, that they beat
64 1078 970 1119 and derided them, sunk or stranded their vessels, spit in their faces
66 1113 968 1154 when they met, prohibited them from making voyages to Mecca,
79 1150 964 1193 lundered their property, and burnt their houses and Mosques.
66 1192 973 1235 That they also endeavoured to persuade the followers of the crescent,
64 1230 970 1270 to embrace the cross, and offered pecuniary rewards to those who
69 1268 962 1311 would accede. Hadjees and others were put to cruel deaths, Ma¬
66 1310 968 1350 homed was publicly reviled, and his followers, sold as slaves, or
68 1347 974 1390 else led about loaded with irons, and large ransoms demanded from
64 1387 974 1431 their friends, and until these were obtained, they were confined at
68 1429 976 1471 night time, in dark, noisome, and hideous dungeons : beaten with
69 1465 973 1506 slippers, tortured by fire, and had the most severe tasks imposed
68 1505 975 1545 upon them. The Cochin Rajah he observes, refused to debar the
68 1545 976 1598 Mahomedans from trafficking in his country, when requested to do
69 1582 378 1633 so, by the Portuguese.
99 1614 978 1670 The Beebee of Cannanore, may be considered as the chief of the
263 1714 807 1755 * Tohfut-ul-Mujahideen translated by Rawlinson.
