1198 1967
175 255 247 297 372
553 254 703 298 FUNERALS.
173 318 1085 363 bride’s father has rubbed sandal wood on the breasts of his guests,
181 359 382 404 they withdraw.
209 392 1085 438 The marriage often does not take place for some time ; in the inter¬
173 433 1082 473 mediate period, care is taken to choose a lucky day, whilst in the
176 470 1085 513 unlucky months, espousals may be said to be almost prohibited.
179 515 1082 559 Also “on the third day of the new moon, as Adam was then expel-
173 555 1085 601 "led from Paradise: on the fifth, when Jonah was swallowed by a
173 595 1079 629 “whale: on the thirteenth, when Abraham was thrown into thie
173 630 1085 686 "fire : on the sixteenth, when Joseph was lowered into a well : on
176 670 1084 708 "the twenty-first, when Job was afflicted with diseases: on the
173 698 1082 752 "twenty-fourth, when Zachariah was murdered: on the twenty-fifth
175 751 1081 801 “when Mahomed had his front teeth broken by a sling.” Marriages
173 787 1082 825 are mostly celebrated in January, April, August, October, and No¬
181 830 1050 867 vember, excluding all the days having bad omens, as enumerated.
207 869 1083 911 It is needless to detail the whole of the ceremony, the most im¬
183 910 1081 952 portant and concluding part of which is, when the Tungel goes into
176 951 1078 988 the inner room with the bridegroom, unites his little finger to that
176 990 1081 1025 of the bride, and pronounces a benediction. A gold chain, or a
173 1031 1077 1066 string, sometimes of beads, in the form of a tali, is usually hung around
179 1068 1079 1109 the bride’s neck at some convenient time, subsequent to the ceremony.
215 1107 1084 1151 The richer and some of the stricter Mahomedans, rigidly seclude
176 1147 1083 1191 their women, who have to keep their faces covered, when going out,
179 1178 1079 1226 but these are exceptional cases. The Moplah women, are usually
179 1218 1082 1259 allowed to go about, like those of the Hindus. These Moplahchees are
176 1260 1081 1307 amongst the dirtiest people in India, wearing their clothes until they
176 1296 1081 1341 almost rot off them: even in chewing betel, they have the objection¬
179 1340 1077 1379 able practice, of sitting outside their houses and spitting* inwards
179 1378 1087 1418 through the door. Their filth is said to be considered a sign, that
181 1418 1084 1457 they are good housewives. Their necks are often covered with
183 1461 1082 1500 strings of beads, their arms with bangles, as are also their ankles,
183 1492 890 1534 whilst their ears are weighed down with ornaments.
213 1533 1089 1572 Their burial ground is in Muttencherry. After death the feet of
179 1573 1087 1613 the corpse are tied together, as are also the hands, and the face is
205 1649 1085 1693 * This practice is held in the greatest detestation by the Hindus, for doing
179 1673 1087 1723 such inside the house, is considered the height of filthiness. Hindus (if high
181 1716 1079 1753 caste) can hardly be induced to touch a letter closed with a wafer, as they
189 1747 753 1786 believe it must have been touched by the tongue.
