1198 1967
481 396 740 469 CHAPTER X.
513 462 656 486 —
383 483 841 537 PEOPLB, AND THEIR CUSTOMS.
158 523 1069 561 Census— Ethnology— Language— Divisions of time—Birth — Horoscope—
187 562 1072 595 Children—Marriages—DeathsOffences—LawsOrdeasOmeSuper
187 596 1073 626 stitions—EtiquetteMarks of distinctionsLetters—PoetryMsicThea-
185 625 1073 659 tricals—NaútchesAmusementsDress—Ornaments—UmbrellasHouses
193 659 576 703 Furniture—Hospitality—Food.
189 687 1067 739 The inhabitants of the Cochin State, in the year 1857, numbered
168 735 1072 775 399,056 : out of which, 123,037 were engaged in agriculture. The
163 771 1072 815 Christians of all denominations, were 88,920 : Mahomedans 18,496 :
160 816 1072 850 Jeis 1,790 : and the Hindus 229,950 : of these last, 4,101 were
165 850 1070 898 Namboories, and Imbran Brahmans: and 10,882 other Brahmans,
163 890 1072 933 this includes 5,810 Konkanies : 422 were Schatriyas : Vysias not
161 927 1069 976 even mentioned : and the remainder Sudras,* out of which 51,305
168 971 1074 1015 were soil slaves. Thus giving an average, of 3524 individuals, to
163 1005 562 1057 every square mile of territory.
193 1049 1069 1088 In the Town of Cochin, and the British territory, the population
165 1084 1072 1130 which is a floating one, was in 1861, according to the census, 11,449:
165 1129 1070 1166 of these, 205 were Europeans, and Eurasians : 6,569 Native Chris¬
161 1163 950 1200 tians : 3,455 Hindus : 1,186 Mahomedans : and 34 Jews.
201 1204 1069 1241 Without asserting the perfect accuracy of these figures, it will be
163 1244 1069 1280 sufficient to observe, that they were taken from official sources, and
158 1289 1072 1322 are consequently a nearer approach to the truth, than any mere
161 1322 1076 1362 suppositions are likely to be. Certainly the census papers, do not
166 1361 1069 1404 place the number of the population, at so high a rate as is gencrally
165 1402 1070 1446 believed : but the country in accordance with its physical aspect,
161 1444 1067 1482 must be thinly populated. A large portion of it is covered with
169 1482 1074 1515 uninhabitable forests : a considerable amount with water, and
161 1520 1064 1556 marshes : and much with inhospitable scrubby jungle, or stunted
173 1554 1072 1601 grass, growing, or rather existing, on a laterite bed. These localities,
165 1595 781 1651 are of course almost destitute of human beings.
211 1646 1073 1678 * By Sudras is meant, all castes not wearing the sacred string, including out-
153 1677 244 1715 castes.
