1178 1992
465 211 629 265 ETHNOLOOY.
932 216 990 262 375
125 281 993 324 An examination of the old census returns, shows a marked increase
91 323 997 362 in the population. That of the Native State in 1836“ was taken at
98 361 989 403 ﻿288,176 which in 21 years, would show an increase of 110,880
102 401 990 445 persons, which is simply impossible : unless accounted for by exten¬
91 442 993 483 sive immigration. The reason of the apparent increasc is probably,
98 483 990 521 that many of the lower castes, which may bave been formerly
96 524 992 560 omitted, now find a place. But that the population does angment,
96 559 993 599 much more rapidly than in olden times, cannot be doubted : the
96 598 993 641 frequent and sanguinary wars, the daily murders, and the annual
97 635 996 676 export of thousands of slaves, are all things of the past, which it is to
97 676 996 721 be hoped will in future be unknown. The tranquil pursuits of peace,
96 714 993 754 have superseded those of warfare : and at the present time, there
98 748 996 795 are probably more ploughs, than swords, to be found in the Cochin
100 791 184 830 State.
125 822 996 867 Among such a very varied population, it would be difficult as
96 869 996 906 well as tedious, to give a detailed account, of the Ethnology of cach
96 909 996 946 separate race, with the manners of each tribe, and the language of
96 947 992 990 each people. A geueral summary of the indigenous Hindu popula¬
96 981 996 1023 tion, will only thcrefore be detailed, with whom the Native Chris¬
98 1019 1000 1066 tians, black Jews, and Moplahs, have many general features in
97 1059 222 1105 common.
129 1087 997 1150 The following figures, give the average height, and size of limbs,
94 1136 482 1184 in four classes of the people.
370 1176 483 1220 Height.
506 1171 799 1211 Head. Neck. Chest.
158 1174 357 1220 Caste. Age.
809 1173 888 1215 Arm.
902 1173 993 1220 Thigh.
510 1212 575 1255 22'3
606 1211 680 1254 14’2
394 1215 462 1259 639
814 1212 879 1256 10-7
712 1213 788 1255 3344
912 1215 987 1256 186
96 1215 347 1259 Nairs65
508 1254 577 1295 2144
394 1253 455 1296 64-1
606 1253 677 1296 13-2
708 1252 777 1290 32-7
814 1246 895 1289 10-1
910 1254 983 1295 18-8
98 1251 352 1298 Chogans...34-6
607 1289 681 1332 132
911 1291 981 1333 17-6
394 1289 458 1333 6244
99 1288 347 1338 N. Christians.28-0
708 1286 797 1339 3144
503 1288 573 1329 21-6
818 1289 897 1331 10-1
393 1329 457 1371 635
603 1326 699 1375 13-9
503 1332 595 1370 20"4
98 1329 345 1376 Moplahs57
708 1325 983 1370 323 104 18-0
707 1369 817 1408 —.
396 1401 466 1446 63-4
96 1396 352 1455 Average.
503 1404 982 1446 2144 13-6 3244 10 3 182
96 1481 362 1531 Average on the cast
396 1516 467 1568 64 8
99 1523 359 1571 coast.f
500 1518 980 1561 20-8 1149 313 89 16-1
151 1625 968 1664 * Returns of Lieutenants Connor, and Ward. M.S.S. Official Records.
121 1660 1006 1689 † Short.—Madras Medical Journal, vol. IV. page 103, 1862. Ethnology of
96 1678 236 1735 Chingleput.
