1178 1992
932 205 995 266 379
406 216 690 265 DIVISIONS OF DAYS.
84 270 995 323 “revolution, from East to West.”* The year is 365 days, 12’ 30”.
95 320 995 366 The astronomical new year, commences in April, when the sun en¬
90 364 995 402 ters under the sign of Aries as at that period it is believed the world
94 403 992 441 was created. At this time a great festival is held, offerings are
87 440 993 475 made, and some Brahmans amongst other ceremonies, are said some¬
87 477 992 520 times to strangle a ram, consecrated to the sun, and the planets, in
92 515 998 569 the hope of inducing the genii, to give them good fortune, during
92 554 324 603 the ensuing year.
120 590 995 643 The months of the solar year, in 1862, were as follows, Madum,
90 633 995 669 “the Ram,” April 12th till May 12th or 31 days. Eddavum, “ the
90 674 993 714 “ Bull,” till June 12th or 31 days. Methunum, “ the Twins,” till
87 716 992 752 July 14th or 32 days. Cacadaum, “ the Crab” till August 14th or
92 748 994 790 31 days. Chingum,“ the lion,” till September 14th or 31 days.
93 792 996 832 Cunny, “the Virgin,” till October 15th or 31 days. Toolam, “ the
94 825 985 872 Scales,” till November 14th or 30 days. Vrecheecum, “ the Scorpion,
87 867 990 915 till December 13th or 29 days. Dhanoo, “ the Archer” till January
92 907 992 946 11th or 29 days. Magarom,“the Goat,” till February 10th or 20 days.
90 943 992 987 Coombhum, “ the water bearer” till March 12th or 30 days. Menum,
90 985 992 1020 “the fishes” till April 13th or 30 days. The civil year commences
94 1021 858 1070 with the 1st of Chingum, or about the middle of August.
119 1065 993 1102 In their calculations, the days of the new and full moon, are not
84 1102 992 1139 taken into account, but they reckon those of the increase and
84 1140 993 1179 decrease; thus they speak of the first day after the new moon. A
84 1179 992 1223 lunar month is computed from the new moon to the new moon, and
87 1216 993 1258 appears to consist of 27 days, each of which is named after the
84 1259 993 1294 constellation in which the moon is on that day. To adjust the
85 1293 990 1335 lunar to the solar year additional months are inserted. The
90 1337 993 1378 portion of a month from new to full moon, is called the “black
90 1371 782 1411 moon :” from the full to the new, the “white moon."
119 1410 993 1454 Sunday, Nyaraicha, (Nayar, the sun.) Monday, Theengulaicha,
87 1453 992 1499 (Theengul, the moon.) Tuesday, Chowahaicha, (Chowah, Mars.)
92 1490 992 1531 Wednesday, Bhoodunnaicha. (Bhoodunn, Mercury.) Thursday Weeah¬
84 1532 990 1576 saicha, (Weeahshum, Jupiter.) Friday, Welleyaicha, (Welley, Venus.)
90 1566 632 1611 Saturday, Sheneeaicha, (Shenee, Saturn.)
120 1609 992 1662 The twenty four hours are divided into sixty Nazigas, as follows:
420 1681 644 1727 * Paoli. Page 348.
