1178 1992
938 230 1003 273 383
472 221 630 279 MOURNING.
98 294 1002 337 mostly in North Malabar, and that their weddings, were celebrated
98 335 999 369 with great pomp and ostentation. They maintained the privileges
103 374 1005 424 given them by the Permauls, viz. “of the Bride and Bridegroom,
98 411 1002 457 “riding on elephants, having their hair ornamented with flowers
101 456 1001 491 “ of gold, of different musical instruments playing before them, as also
101 490 999 533 “ of flags of various colours being carried in front of them. They
101 527 988 578 “ also wore swords and targets, and some of them had firelocks.
101 569 999 618 The girls were precluded from all inheritance, even if there were no
98 614 1002 654 sons in the family, the property going to the next male cousin, or
98 654 1006 690 uncle on the father’s side. A Syrian law, exactly contrary to that
98 690 256 732 of Malabar.
131 726 1001 769 It is directed in the Hindu Code, according to Colebrook, that a
98 769 999 818 dying man, should be laid on a bed of cusa grass, if he be a Sudra
98 807 1002 846 either in the house, or out of it indifferently, but if of any higher
98 846 1002 881 caste he must be placed in the open air. A Brahman’s corpse should
98 879 999 928 be carried out of a town by the Western gate, a Schatriya’s by tlie
96 924 996 965 Northern, a Vysian’s by the Eastern, and a Sudra’s by the Southern.
131 965 996 1008 After a death in a family the room in which it occurred is sup¬
101 1007 999 1050 posed to be haunted by the spirit of the departed, and amongst
103 1043 999 1087 wealthy families is generally not used again, until that generation
101 1086 996 1128 has passed away ; the successor occupying another set of apartments,
96 1128 996 1166 at all eveuts for the first twelve months ; the principal ceremonies for
96 1165 990 1214 the happiness of his soul, are performed by the nearest male rela¬
97 1199 369 1248 tive of the deceased.
129 1239 997 1286 Amongst the Schatryas, the chief mourner, does not shave for
97 1279 996 1320 twelve months after the event has occurred, whilst amongst others,
92 1317 997 1360 as for instance some of the Putter Brahmans, they keep their hair
98 1356 997 1403 (with the exception of the cudumi,*) and even their eyebrows shaved
97 1405 996 1441 off for a year. When the Rajah dies, all the Natives in the place
94 1434 998 1482 must leave off their turbans for ten days, as a sign of mourning,
90 1481 997 1519 and fishermen are debarred from following their avocation for three
97 1516 999 1554 days, for fear they might capture one of the finny tribes, in which
94 1555 766 1602 the soul of the departed, has obtained a dwelling.
114 1620 997 1653 * On seeing a Christian child wearing a Cudumi, the parents were asked the
87 1654 996 1690 reason: they replied that it was not done for caste purposes, but to keep the head
92 1683 996 1722 warm and protect the fontanelle. Some of the Natives who dress as Eurasians,
92 1715 650 1761 shave the back of the head and wear a skull cap.
