1198 1967
515 237 791 284 IDEAS OF VERACITY.
209 234 267 281 3S1
241 288 1101 351 The crime of infanticide is unnecessary in these parts, and almost
202 345 1101 384 unknown. The domestic lives of the people, appear to be less dis¬
206 384 1107 426 turbed, by quarrels and jealousies, (because they have no one to be
210 425 1107 465 jealous of,) than in most other portions of India, with the exception
209 459 1105 498 of the Brahmans, who are very suspicious of tlie fidelity of their wives.
238 502 1104 544 In times of famine, mothers sometimes dispose of their children,
205 538 1105 578 frequently with the hope of being able to redeem them in more pros¬
213 578 1097 623 pcrous times. The Hindu Laws, contain a provision for these cases,
210 618 1099 665 directing, that whoever should during a famine, have sold his liberty
207 659 1104 699 for food may in better times regain his freedom on returning the
207 696 929 731 amount he had received, and giving two head of cattle.
241 729 1101 771 Many of the laws and maxims of the Natives, are good, were
205 770 1101 818 thcy followed out. In former times a person convicted of telling
201 809 1104 854 an untruth,* was tortured, or very severely punished, werc this not
205 852 1099 890 obsolete, the courts of justice would have sufficient employment, as
205 890 1099 930 veracity is a virtue, unfortunately not too prevalent amongst the Na¬
207 930 1106 969 tives of the low country, but in the wilder parts they are more
205 964 1099 1009 truthful. It appcars that the further they are removed from cities,
201 1005 1101 1046 and communication with the external world, the more their word, may
205 1044 1101 1082 be relied on. This can scarcely be wondered at, subject as thcy have
205 1084 1099 1126 becn for centuries, to tyrannical rule, where the law of the most power¬
205 1123 1104 1161 ful, has by force of circumstances, been that of the country, and each
202 1161 1099 1206 official has had, (and truth must admit many still have,) their price;
201 1197 1104 1234 dissimulation has thus bccome necessary, and fraud been so thorough¬
207 1243 1104 1278 ly engrafted into the Native Character, that many a long year must
209 1278 623 1321 elapse, ere it can be eradicated.
237 1318 1108 1354 It is a curious anomaly, that this race, who think it no crime to
207 1354 1101 1407 cheat a white man, but on the contrary rather a meritorious action,
225 1430 1099 1473 * Mr. Muller, a German missionary, mentions appealing to a Hindu’s conscience,
207 1466 1095 1501 with respect to the future rewards of good and evil. The Hindu answered by
205 1505 1100 1537 a story. A butcher bought a cow, whilst taking her home, she broke her rope
207 1527 1097 1566 and escaped. Going in pursuit he met a veracious Hindu, who informed him
209 1557 1097 1592 which road the cow had taken. Proceeding a little further asking a men-
205 1587 1096 1619 dacious Hindu, he told him the wrong road, consequently the cow escaped.
209 1618 1102 1662 After death, the one who by telling the true road, whereby the butcher was
207 1652 1104 1686 able to pursue the cow with the intention of slaughtering her was adjudged to
205 1680 1105 1718 be gnawed by worms for twenty lifetimes. He who by telling an untruth had
205 1710 947 1761 saved the cow's life was adjudged to be born twenty times a king.
