1178 1975
131 199 198 242 800
507 200 665 256 ETIQUETTE.
131 253 1043 306 it very unlucky should they not sell any article at the first house
131 308 1041 354 they visit in a day, and would rather dispose of something at a loss,
134 346 457 397 than part with nothing.
167 387 1040 427 The Syrians are as superstitious in their way, as the Hindus.
134 425 1045 464 One of tlieir most extraordinary ceremonies, consists in poking out
134 464 1045 498 the eye of Judas Iscariot. On good Friday, a cake on which is a
134 502 1041 538 representation of an eye, is placed in the midst of the family circle-
134 538 1037 585 Each person is armed with a knife, and in succession makes a dig
134 584 1041 620 at the cye : after this is satisfactorily destroyed, the cake is cut up,
134 617 358 667 and distributed.
172 653 1041 703 One sect were said not long since, once a year, to have had their
134 695 1040 731 sins written out on a piece of paper, by a Catanar, and then placed
139 735 1043 770 inside a loaded bamboo gun, and discharged in the midst of a great
139 777 1043 810 feast : the uproar thus effectually dissipating, and destroying, their
142 814 1040 858 year’s accumulation of misdemeanours. It is not unusual to per¬
141 852 1039 899 ceive the skull of an animal, raised on a stick in a Christian’s paddy
142 892 1040 928 field to avert the evil eye, in the same way as in those of the sur¬
134 934 1043 970 rounding Hindus; and very many of their superstitious rites, are
141 970 264 1010 identical.
180 996 1041 1050 Of course atmospheric disturbances are viewed with great awe,
136 1051 1040 1083 an eclipse is believed by the vulgar to be one of their two bad
131 1082 1040 1123 aspirits, swallowing the sun or moon. A comet, is supposed to
142 1123 1035 1163 foretel disasters, a dear scason, or a frightful sickness : and light¬
142 1166 1043 1210 ning with its attendant thunder, is believed to be tlie gods waging
144 1205 1042 1249 war in Heaven, or elsewhere, whilst the Mahomedans assert, the
139 1242 1043 1284 shooting stars to be missiles, discharged by angels, at evil spirits,
151 1282 796 1322 who are listening to what is going on in Heaven.
176 1322 1040 1357 Etiquette is a subject deserving of a few remarks, those in power
142 1358 1043 1401 have at various times attempted to break through its regulations,
142 1397 1043 1440 but unsuccessfully. He who disregards its observances, is liable to
147 1438 1040 1480 be disrespectfully treated in public, and laughed at in private. Al¬
144 1474 1045 1521 though to many Europeans, it may appear absurd to insist
142 1514 1043 1555 upon Natives, from a Prince to a Cooly, removing their shoes when
142 1553 1043 1603 entering an European house,* still all who understand the Native
147 1595 1041 1649 character, must admit its necessity ; they themselves originated the
226 1678 919 1721 * In some places, Shroffs, have been excepted from this rule.
