1178 1975
195 203 260 250 394
488 211 798 262 RAJAH'S BODY GUARD.
195 270 1096 314 letter by a messenger it is his duty to place it in the hands of the
206 314 1098 364 person to whoi it is addressed, and not to entrust it to any third
203 353 999 393 party. Wafers are never employed as saliva causes pollution.
233 389 1102 427 In giving a letter to a Native of superior caste, it must not be
200 433 1098 475 handed, as that would cause contamination : but it must be thrown,
202 468 1101 510 the short trausit through the air, breaking the line of contact to the
195 506 1096 554 superior. A letter is received with an amount of respeet, varying
202 547 1094 593 in accordance with the relative rank of the recipient, to that of the
198 585 1095 623 writer. It is considered a great compliment to an European when
202 626 1101 667 the Rajah sends him some dishes prepared in the Native fashion,
200 667 1088 707 and etiquette requires him to taste a little of almost all; but as they
200 707 1097 740 often number as many as thirty, and are of the most varied deserip¬
202 745 1026 779 tion, he is frequently none the better for the honour done him.
233 779 1094 826 Natives as a rule, on New Year’s day, wait upon those under whom
198 819 1098 863 they are serving, and dressed in their best clothes, usually bring the
203 859 1095 902 children, a couple of limes,“ some sweetmeats, or flowers ; the Baker
198 898 1090 937 sends a cake, and the other petty trades-people, send or bring some tri¬
202 937 1090 971 vial offering. Limes are on all occasions, indispensable for this pur¬
207 972 1094 1016 pose. It is also usual for the under servants, to make a present of
198 1012 1094 1057 sweetmeats to the butler, and head Ayah, on the first of the Malabar
199 1057 269 1098 year.
235 1078 1090 1137 The Rajah of Cochin, has thie power to confer titles on his people,
198 1129 1093 1171 when he is presented with a nuzzer it is generally tied up in a square
198 1170 1096 1210 piece of silk, of a red and yellow eolonr. As silk is one of those
195 1206 902 1241 substances, whieh does not convey pollution by touch.
229 1245 1094 1288 The Rajah’s personal guard of honor carry Pikes, bound around
193 1284 1094 1322 that portion, where the steel joins the handle, with a tuft of white
193 1320 1094 1363 feathery substance. Silver sticks are in attendance on him and
203 1363 1096 1408 persons to fan him both with a yah’s (or Thibet cow’s) tail, and with
195 1403 715 1448 a fan surrounded by peacock’s feathers.
200 1468 1086 1498 * The presentation of a lime, has not with Europeans the signification it had
192 1497 1085 1537 amongst the native in times gone bye: it was in fact, the genteel way of giving
190 1529 1093 1562 a bribe, the gift being inside the lime. Bribery was so common, that at last no
190 1559 1087 1598 inferior ever came to ask a favour of his Native superior, without presenting
185 1587 1094 1620 him with a lime, this custom in Ceylon was so usual, that in time, Bennet
185 1618 1078 1659 states, they had a proverb, "first look at the lime, and then open the mouth."
192 1651 1086 1684 Rajahs give visitors as marks of civility a shaddock, but in vain may he look for
185 1678 462 1723 aught but fruit within.
