<?xml version="1.0" encoding="UTF-8" standalone="yes"?>
<PcGts xmlns="http://schema.primaresearch.org/PAGE/gts/pagecontent/2013-07-15" xmlns:xsi="http://www.w3.org/2001/XMLSchema-instance" xsi:schemaLocation="http://schema.primaresearch.org/PAGE/gts/pagecontent/2013-07-15 http://schema.primaresearch.org/PAGE/gts/pagecontent/2013-07-15/pagecontent.xsd">
    <Metadata>
        <Creator>prov=READ-COOP:name=PyLaia@TranskribusPlatform:version=2.20.0:model_id=241369:lm=none:date=09_12_2024_19:55</Creator>
        <Created>2024-11-27T19:20:02.978+01:00</Created>
        <LastChange>2024-12-10T01:29:32.116+01:00</LastChange>
        <TranskribusMetadata docId="5452014" pageId="84960435" pageNr="417" tsid="211283558" status="IN_PROGRESS" userId="302539" imgUrl="https://files.transkribus.eu/Get?id=QBWFWLMERRDKIASFPFZXXEEA&amp;fileType=view" xmlUrl="https://files.transkribus.eu/Get?id=TRVBTUIOWQQRKUBNPNYNEZTL" imageId="70209729"/>
    </Metadata>
    <Page imageFilename="0417_the_land_of_the_perumauls_page_417.jpg" imageWidth="1178" imageHeight="1992">
        <ReadingOrder>
            <OrderedGroup id="ro_1733840753616" caption="Regions reading order">
                <RegionRefIndexed index="0" regionRef="tr_1"/>
                <RegionRefIndexed index="1" regionRef="r"/>
            </OrderedGroup>
        </ReadingOrder>
        <TextRegion orientation="0.0" id="tr_1" custom="readingOrder {index:0;}">
            <Coords points="74,242 74,1752 983,1752 983,242"/>
            <TextLine id="tr_1_tl_1" custom="readingOrder {index:0;}">
                <Coords points="480,278 571,278 571,231 506,233 502,229 489,229 480,232"/>
                <Baseline points="486,262 515,264 544,266 573,262"/>
                <TextEquiv>
                    <Unicode>CHESS.</Unicode>
                </TextEquiv>
            </TextLine>
            <TextLine id="tr_1_tl_2" custom="readingOrder {index:1;}">
                <Coords points="907,279 971,278 971,233 955,232 948,227 939,236 932,231 907,231"/>
                <Baseline points="914,266 943,266 973,266"/>
                <TextEquiv>
                    <Unicode>397</Unicode>
                </TextEquiv>
            </TextLine>
            <TextLine id="tr_1_tl_3" custom="readingOrder {index:2;}">
                <Coords points="70,342 971,339 971,304 899,294 70,297"/>
                <Baseline points="76,331 120,329 165,329 210,329 255,329 300,331 345,330 389,329 434,331 479,329 524,331 569,332 614,331 659,331 703,331 748,333 793,333 838,332 883,331 928,330 973,329"/>
                <TextEquiv>
                    <Unicode>pretence of keeping time. As literary productions, they are below</Unicode>
                </TextEquiv>
            </TextLine>
            <TextLine id="tr_1_tl_4" custom="readingOrder {index:3;}">
                <Coords points="68,376 971,385 971,350 911,345 68,346"/>
                <Baseline points="74,368 121,368 168,368 215,366 263,368 310,368 357,366 405,368 452,368 499,369 547,370 594,371 641,370 689,370 736,370 783,370 831,371 878,372 925,370 973,372"/>
                <TextEquiv>
                    <Unicode>farces, and as representations they may be taken as caricatures,</Unicode>
                </TextEquiv>
            </TextLine>
            <TextLine id="tr_1_tl_5" custom="readingOrder {index:4;}">
                <Coords points="68,417 974,420 974,388 897,383 68,386"/>
                <Baseline points="74,406 119,408 164,406 209,408 254,408 299,408 344,408 390,409 435,409 480,408 525,410 570,410 615,410 660,408 706,409 751,410 796,410 841,410 886,410 931,410 977,410"/>
                <TextEquiv>
                    <Unicode>whilst the language is bad, and the acting worse. When all are</Unicode>
                </TextEquiv>
            </TextLine>
            <TextLine id="tr_1_tl_6" custom="readingOrder {index:5;}">
                <Coords points="72,462 972,462 958,423 72,420"/>
                <Baseline points="78,447 122,447 167,449 212,448 257,449 302,448 347,445 391,447 436,447 481,449 526,449 571,451 616,450 661,449 705,449 750,451 795,450 840,449 885,448 930,449 975,449"/>
                <TextEquiv>
                    <Unicode>wearied, the finale represents the punishment of vice, and the reward</Unicode>
                </TextEquiv>
            </TextLine>
            <TextLine id="tr_1_tl_7" custom="readingOrder {index:6;}">
                <Coords points="72,490 92,498 107,497 112,502 116,497 199,502 199,464 151,471 127,463 72,463"/>
                <Baseline points="78,484 109,484 140,484 171,485 202,486"/>
                <TextEquiv>
                    <Unicode>of virtue.</Unicode>
                </TextEquiv>
            </TextLine>
            <TextLine id="tr_1_tl_8" custom="readingOrder {index:7;}">
                <Coords points="98,544 973,542 973,505 869,497 98,498"/>
                <Baseline points="105,520 148,525 192,524 235,525 279,525 322,526 366,527 409,527 453,527 496,527 540,527 583,527 627,525 670,527 714,527 757,527 801,528 844,529 888,528 931,527 975,525"/>
                <TextEquiv>
                    <Unicode>Nantches are also popular amusements amongst Natives, and consist</Unicode>
                </TextEquiv>
            </TextLine>
            <TextLine id="tr_1_tl_9" custom="readingOrder {index:8;}">
                <Coords points="72,575 966,577 949,542 72,537"/>
                <Baseline points="78,565 122,564 167,565 211,565 256,565 300,567 345,567 389,567 434,567 478,567 523,567 568,567 612,567 657,567 701,567 746,567 790,567 835,567 879,569 924,566 969,565"/>
                <TextEquiv>
                    <Unicode>in women of a light character, dancing in a listless manner, to a mono¬</Unicode>
                </TextEquiv>
            </TextLine>
            <TextLine id="tr_1_tl_10" custom="readingOrder {index:9;}">
                <Coords points="76,612 971,617 971,582 940,580 76,579"/>
                <Baseline points="82,604 126,604 171,606 215,604 260,604 304,604 349,606 393,605 438,606 482,605 527,606 572,605 616,606 661,606 705,604 750,606 794,606 839,606 883,606 928,606 973,604"/>
                <TextEquiv>
                    <Unicode>tonous tune, which they sometimes accompany with their voices. The</Unicode>
                </TextEquiv>
            </TextLine>
            <TextLine id="tr_1_tl_11" custom="readingOrder {index:10;}">
                <Coords points="72,652 972,663 972,617 72,623"/>
                <Baseline points="78,643 122,643 167,643 212,643 257,643 302,643 347,645 391,644 436,645 481,645 526,645 571,645 616,644 661,645 705,645 750,645 795,645 840,645 885,644 930,645 975,643"/>
                <TextEquiv>
                    <Unicode>room is generally strongly impregnated with otta of roses, flowers, and</Unicode>
                </TextEquiv>
            </TextLine>
            <TextLine id="tr_1_tl_12" custom="readingOrder {index:11;}">
                <Coords points="78,687 972,705 972,663 861,653 78,668"/>
                <Baseline points="84,682 128,682 173,682 217,683 262,682 306,682 351,682 395,683 440,684 484,683 529,682 574,682 618,684 663,684 707,684 752,683 796,684 841,682 885,684 930,683 975,682"/>
                <TextEquiv>
                    <Unicode>various other kinds of perfumes. It is a mystery, how European</Unicode>
                </TextEquiv>
            </TextLine>
            <TextLine id="tr_1_tl_13" custom="readingOrder {index:12;}">
                <Coords points="73,736 974,739 936,699 73,697"/>
                <Baseline points="80,722 124,721 169,722 214,722 259,720 304,722 349,722 393,721 438,722 483,722 528,722 573,722 618,723 663,722 707,723 752,722 797,722 842,722 887,724 932,722 977,726"/>
                <TextEquiv>
                    <Unicode>ladies can allow themselves, even to be asked to such entertainments,</Unicode>
                </TextEquiv>
            </TextLine>
            <TextLine id="tr_1_tl_14" custom="readingOrder {index:13;}">
                <Coords points="78,771 976,773 976,745 885,734 78,736"/>
                <Baseline points="84,761 128,760 173,761 218,761 263,761 307,761 352,761 397,761 442,761 486,761 531,761 576,761 621,761 665,761 710,761 755,761 800,761 844,761 889,761 934,761 979,761"/>
                <TextEquiv>
                    <Unicode>but it is still more surprising, how they can ever frequent them:</Unicode>
                </TextEquiv>
            </TextLine>
            <TextLine id="tr_1_tl_15" custom="readingOrder {index:14;}">
                <Coords points="80,817 631,832 972,807 972,779 922,772 80,782"/>
                <Baseline points="86,798 130,798 174,798 219,798 263,798 308,800 352,800 397,800 441,800 486,802 530,802 574,800 619,800 663,801 708,800 752,800 797,800 841,801 886,802 930,802 975,798"/>
                <TextEquiv>
                    <Unicode>the taste is evidently a bad one, although Natives consider an Euro¬</Unicode>
                </TextEquiv>
            </TextLine>
            <TextLine id="tr_1_tl_16" custom="readingOrder {index:15;}">
                <Coords points="84,863 211,844 264,857 344,857 363,845 455,854 455,819 443,815 84,817"/>
                <Baseline points="90,838 116,838 142,839 168,840 194,840 221,839 247,839 273,839 299,841 325,839 352,838 378,839 404,839 430,838 457,839"/>
                <TextEquiv>
                    <Unicode>pean ball room much worse.</Unicode>
                </TextEquiv>
            </TextLine>
            <TextLine id="tr_1_tl_17" custom="readingOrder {index:16;}">
                <Coords points="111,895 976,898 976,859 932,844 725,870 642,846 111,855"/>
                <Baseline points="117,877 160,878 203,879 246,879 289,879 332,881 375,879 418,879 461,880 504,881 548,881 591,879 634,879 677,879 720,881 763,881 806,879 849,879 892,879 935,879 979,879"/>
                <TextEquiv>
                    <Unicode>The amusements of the various races of Hindus, are much mixed up</Unicode>
                </TextEquiv>
            </TextLine>
            <TextLine id="tr_1_tl_18" custom="readingOrder {index:17;}">
                <Coords points="81,923 973,927 955,895 81,897"/>
                <Baseline points="88,916 132,917 176,918 221,918 265,920 309,919 354,918 398,920 442,918 487,920 531,920 575,920 620,920 664,918 708,918 753,918 797,918 841,918 886,920 930,918 975,918"/>
                <TextEquiv>
                    <Unicode>with their religious customs. Manly exercises are not much in</Unicode>
                </TextEquiv>
            </TextLine>
            <TextLine id="tr_1_tl_19" custom="readingOrder {index:18;}">
                <Coords points="73,974 972,965 972,936 792,924 73,941"/>
                <Baseline points="80,953 124,956 169,957 214,957 259,957 303,958 348,959 393,957 438,957 482,959 527,959 572,959 617,959 661,959 706,958 751,957 796,956 840,957 885,958 930,957 975,955"/>
                <TextEquiv>
                    <Unicode>vogue, those of a sedentary character being substituted. Games of</Unicode>
                </TextEquiv>
            </TextLine>
            <TextLine id="tr_1_tl_20" custom="readingOrder {index:19;}">
                <Coords points="78,1010 976,1003 976,977 935,973 78,975"/>
                <Baseline points="84,996 128,996 173,996 218,996 263,996 307,996 352,997 397,998 442,998 486,998 531,998 576,998 621,998 665,998 710,996 755,996 800,996 844,996 889,996 934,996 979,993"/>
                <TextEquiv>
                    <Unicode>cards, made of ollahs, are employed for gambling purposes : and lines</Unicode>
                </TextEquiv>
            </TextLine>
            <TextLine id="tr_1_tl_21" custom="readingOrder {index:20;}">
                <Coords points="73,1054 976,1054 976,1018 913,1010 73,1018"/>
                <Baseline points="80,1034 127,1035 174,1036 221,1036 269,1036 316,1036 363,1037 411,1036 458,1038 505,1037 553,1038 600,1038 647,1037 695,1036 742,1036 789,1036 837,1034 884,1034 931,1036 979,1034"/>
                <TextEquiv>
                    <Unicode>are formed in the sand, for playing a species of draughts. Chess</Unicode>
                </TextEquiv>
            </TextLine>
            <TextLine id="tr_1_tl_22" custom="readingOrder {index:21;}">
                <Coords points="78,1086 976,1084 976,1054 855,1048 78,1062"/>
                <Baseline points="84,1073 128,1074 173,1075 218,1075 263,1075 307,1075 352,1075 397,1076 442,1075 486,1077 531,1075 576,1075 621,1075 665,1075 710,1076 755,1075 800,1075 844,1075 889,1075 934,1075 979,1075"/>
                <TextEquiv>
                    <Unicode>occupics a good deal of time, in the life of the Namboorie Brahmian :</Unicode>
                </TextEquiv>
            </TextLine>
            <TextLine id="tr_1_tl_23" custom="readingOrder {index:22;}">
                <Coords points="72,1121 976,1122 957,1083 72,1098"/>
                <Baseline points="78,1112 123,1113 168,1114 213,1113 258,1112 303,1114 348,1114 393,1114 438,1114 483,1114 528,1115 573,1114 618,1109 663,1111 708,1113 753,1114 798,1113 843,1114 888,1114 933,1114 979,1114"/>
                <TextEquiv>
                    <Unicode>and is played in the following manner, “ The ground is smoothed</Unicode>
                </TextEquiv>
            </TextLine>
            <TextLine id="tr_1_tl_24" custom="readingOrder {index:23;}">
                <Coords points="76,1148 263,1176 976,1162 958,1124 76,1129"/>
                <Baseline points="82,1144 126,1150 171,1152 216,1153 261,1153 306,1153 351,1153 395,1153 440,1153 485,1153 530,1155 575,1153 620,1153 665,1153 709,1153 754,1153 799,1153 844,1153 889,1153 934,1153 979,1153"/>
                <TextEquiv>
                    <Unicode>“and cheequered with chunam, and the pieces cut out of plantain</Unicode>
                </TextEquiv>
            </TextLine>
            <TextLine id="tr_1_tl_25" custom="readingOrder {index:24;}">
                <Coords points="76,1194 973,1199 973,1171 901,1164 76,1170"/>
                <Baseline points="82,1183 126,1190 171,1193 216,1192 260,1193 305,1193 350,1193 394,1193 439,1193 484,1193 529,1193 573,1194 618,1193 663,1193 707,1193 752,1193 797,1191 841,1193 886,1191 931,1193 976,1192"/>
                <TextEquiv>
                    <Unicode>“stalks, the Qucen and Bishop alone differ in their moves, and</Unicode>
                </TextEquiv>
            </TextLine>
            <TextLine id="tr_1_tl_26" custom="readingOrder {index:25;}">
                <Coords points="111,1245 972,1249 972,1207 868,1198 111,1212"/>
                <Baseline points="117,1228 159,1232 202,1232 245,1232 288,1232 331,1232 374,1232 417,1232 460,1232 503,1232 546,1230 588,1232 631,1231 674,1230 717,1231 760,1232 803,1232 846,1232 889,1230 932,1231 975,1228"/>
                <TextEquiv>
                    <Unicode>value, from ours. The queen or “ Wazeer,” moves diagonally back¬</Unicode>
                </TextEquiv>
            </TextLine>
            <TextLine id="tr_1_tl_27" custom="readingOrder {index:26;}">
                <Coords points="81,1274 974,1280 974,1249 937,1244 81,1245"/>
                <Baseline points="88,1263 132,1269 176,1271 221,1271 265,1271 310,1271 354,1271 399,1271 443,1271 488,1272 532,1271 576,1271 621,1271 665,1271 710,1271 754,1271 799,1271 843,1271 888,1271 932,1270 977,1269"/>
                <TextEquiv>
                    <Unicode>“ wards, and forwards, on one square, taking like a pawn. The</Unicode>
                </TextEquiv>
            </TextLine>
            <TextLine id="tr_1_tl_28" custom="readingOrder {index:27;}">
                <Coords points="103,1318 977,1327 977,1285 103,1277"/>
                <Baseline points="109,1309 152,1310 196,1310 239,1310 283,1309 326,1309 370,1309 413,1310 457,1310 500,1310 544,1310 587,1310 631,1310 674,1310 718,1310 761,1310 805,1309 848,1310 892,1310 935,1310 979,1310"/>
                <TextEquiv>
                    <Unicode>Bishop elears over everything within its range, but taking, and</Unicode>
                </TextEquiv>
            </TextLine>
            <TextLine id="tr_1_tl_29" custom="readingOrder {index:28;}">
                <Coords points="81,1353 979,1355 979,1327 925,1322 81,1316"/>
                <Baseline points="88,1342 132,1347 177,1350 221,1349 266,1350 311,1350 355,1348 400,1350 445,1350 489,1350 534,1350 579,1351 623,1350 668,1350 713,1350 757,1350 802,1349 847,1350 891,1350 936,1348 981,1348"/>
                <TextEquiv>
                    <Unicode>“ checking, only on the second square, diagonally. The castle is</Unicode>
                </TextEquiv>
            </TextLine>
            <TextLine id="tr_1_tl_30" custom="readingOrder {index:29;}">
                <Coords points="103,1397 974,1409 950,1361 103,1366"/>
                <Baseline points="109,1387 152,1389 195,1389 239,1389 282,1387 326,1389 369,1389 412,1389 456,1391 499,1391 543,1390 586,1391 629,1390 673,1389 716,1389 760,1389 803,1389 846,1389 890,1389 933,1389 977,1387"/>
                <TextEquiv>
                    <Unicode>thus the only piece, which can move, and taie from onc end of the</Unicode>
                </TextEquiv>
            </TextLine>
            <TextLine id="tr_1_tl_31" custom="readingOrder {index:30;}">
                <Coords points="108,1436 140,1442 171,1434 185,1442 202,1434 217,1446 240,1446 282,1429 356,1435 356,1409 334,1406 264,1411 251,1398 182,1398 168,1411 108,1407"/>
                <Baseline points="115,1428 142,1427 169,1428 196,1428 223,1428 250,1428 277,1428 304,1428 331,1426 358,1424"/>
                <TextEquiv>
                    <Unicode>board, to the other.</Unicode>
                </TextEquiv>
            </TextLine>
            <TextLine id="tr_1_tl_32" custom="readingOrder {index:31;}">
                <Coords points="108,1493 231,1469 980,1475 980,1443 880,1432 108,1443"/>
                <Baseline points="115,1466 158,1467 201,1467 245,1465 288,1467 332,1467 375,1466 418,1467 462,1467 505,1469 549,1467 592,1469 635,1467 679,1467 722,1467 766,1467 809,1468 852,1467 896,1467 939,1466 983,1466"/>
                <TextEquiv>
                    <Unicode>Johuson writing in 1611 of the Nairs, who were then trained to</Unicode>
                </TextEquiv>
            </TextLine>
            <TextLine id="tr_1_tl_33" custom="readingOrder {index:32;}">
                <Coords points="76,1512 980,1514 921,1477 76,1493"/>
                <Baseline points="82,1505 127,1507 172,1507 217,1506 262,1507 307,1505 352,1505 397,1507 442,1507 487,1507 532,1508 577,1509 622,1507 667,1507 712,1507 757,1507 802,1507 847,1507 892,1508 937,1507 983,1505"/>
                <TextEquiv>
                    <Unicode>arins, says, "at seven ycars of age they were put to school, to learn</Unicode>
                </TextEquiv>
            </TextLine>
            <TextLine id="tr_1_tl_34" custom="readingOrder {index:33;}">
                <Coords points="108,1553 980,1555 980,1528 909,1515 108,1522"/>
                <Baseline points="115,1546 158,1546 201,1546 245,1545 288,1546 332,1546 375,1546 418,1546 462,1546 505,1548 549,1547 592,1548 635,1546 679,1548 722,1546 766,1548 809,1546 852,1548 896,1546 939,1544 983,1546"/>
                <TextEquiv>
                    <Unicode>the use of their weapons, and to make them nimble and uctive:</Unicode>
                </TextEquiv>
            </TextLine>
            <TextLine id="tr_1_tl_35" custom="readingOrder {index:34;}">
                <Coords points="80,1591 979,1594 979,1558 80,1566"/>
                <Baseline points="86,1577 130,1582 175,1585 220,1585 265,1585 309,1585 354,1585 399,1585 444,1585 488,1585 533,1585 578,1585 623,1585 667,1584 712,1584 757,1585 802,1585 846,1585 891,1585 936,1585 981,1585"/>
                <TextEquiv>
                    <Unicode>“their sinews and joints were stretehed by skilful persons, and</Unicode>
                </TextEquiv>
            </TextLine>
            <TextLine id="tr_1_tl_36" custom="readingOrder {index:35;}">
                <Coords points="80,1626 980,1633 980,1597 80,1597"/>
                <Baseline points="86,1617 130,1625 175,1625 220,1624 265,1625 310,1625 355,1626 399,1625 444,1625 489,1625 534,1625 579,1625 624,1625 669,1625 713,1625 758,1625 803,1625 848,1625 893,1624 938,1625 983,1625"/>
                <TextEquiv>
                    <Unicode>“anointed with gingelly oil, by which they became so light and</Unicode>
                </TextEquiv>
            </TextLine>
            <TextLine id="tr_1_tl_37" custom="readingOrder {index:36;}">
                <Coords points="81,1669 979,1675 979,1638 939,1633 81,1628"/>
                <Baseline points="88,1658 132,1664 177,1664 221,1665 266,1666 311,1665 355,1666 400,1664 445,1664 489,1664 534,1664 579,1664 623,1664 668,1664 713,1664 757,1664 802,1665 847,1664 891,1663 936,1664 981,1662"/>
                <TextEquiv>
                    <Unicode>"nimble, that they could wind and turn their bodies, as if they had</Unicode>
                </TextEquiv>
            </TextLine>
            <TextLine id="tr_1_tl_38" custom="readingOrder {index:37;}">
                <Coords points="850,1710 877,1710 883,1704 940,1705 946,1710 974,1711 973,1685 935,1688 928,1684 888,1683 872,1681 858,1669 849,1671"/>
                <Baseline points="855,1695 885,1695 916,1697 946,1699 977,1699"/>
                <TextEquiv>
                    <Unicode>115</Unicode>
                </TextEquiv>
            </TextLine>
            <TextEquiv>
                <Unicode></Unicode>
            </TextEquiv>
        </TextRegion>
        <TextRegion id="r" custom="readingOrder {index:1;} structure {type:footnote;}">
            <Coords points="179,1724 903,1724 903,1771 179,1771"/>
            <TextLine id="tr_1_tl_39" custom="readingOrder {index:0;}">
                <Coords points="209,1747 872,1748 872,1710 809,1727 749,1707 321,1709 280,1727 209,1710"/>
                <Baseline points="215,1740 248,1742 281,1742 314,1742 347,1742 380,1740 413,1740 446,1741 479,1742 512,1741 545,1740 578,1740 611,1740 644,1740 677,1740 710,1741 743,1742 776,1741 809,1740 842,1738 875,1738"/>
                <TextEquiv>
                    <Unicode>* Colonel Welsh's "Military Reminiscences," vol. 2, poge 86.</Unicode>
                </TextEquiv>
            </TextLine>
            <TextEquiv>
                <Unicode></Unicode>
            </TextEquiv>
        </TextRegion>
    </Page>
</PcGts>
