1178 1975
221 217 288 265 400
553 230 790 271 VISITS OF STATE.
209 289 1114 333 simplicity, as that of his people,* being a thin muslin cloth,
213 330 1115 378 from the waist to the kuees, a magnificent necklace of pearls,
221 372 1112 411 with a diamond clasp, uo turban, but caste marks. When re-
219 413 1111 450 ceiving strangers, he has on a most bcautiful lead dress of pre¬
221 449 1114 494 cions stones, and a long white ninslin dress, edged with gold.
217 491 1114 531 On Durbar days, he is likewise dressed in white muslin, with
221 531 1114 571 gold lace, and a turban adorned with jewels: around his right
221 572 1113 614 arin (sometimes also on both) is a baugle of splendid diamonds,
221 605 1112 647 which are eut flat, and very thin, according to the Native fashion.
221 646 1112 687 His fingers are adorned with beautiful jewels, and on his second
219 683 1115 726 toe, is a gold ring. On each side of him, stand two Peons, one
214 726 1111 769 fanning him with the tail of the yah, the other with a white fan,
217 763 1113 804 surrounded by peacock’s feathers. Next to him is seated the
216 806 1111 847 Resident, and the Priuces either on his left haud, or below the
213 843 1115 882 Resident on the right. The Dewan or Prime Minister stands behind
219 877 1111 922 him, and many turbauless Brahmans in their single cloths, either
214 924 614 961 behind, or on one side of him.
245 954 1108 1002 If the Rajah receives the visit of another Prince, at Muttencherry
214 1001 1108 1041 the following is the etiquette. The Rajah geuerally passes the
221 1034 1108 1080 preceding night at the palace, which is about one hundred paces
209 1070 1108 1114 from the water’s edge, the whole distance from which, is covered in
209 1114 1102 1158 by a long pandall. On each side, along the entire length, are plan¬
209 1158 1105 1198 tain trees in splendid beariug, tied to each of the pillars, that sup¬
221 1196 1106 1238 port the paudall. The Rajah’s body-guard of Sepoys, are drawu up
211 1229 1102 1280 in two lines, the guard of honour armed with pikes, surmounted by
209 1272 1106 1313 white ostrich plumes, are in waiting. A drummer, a few fifers
209 1307 1106 1370 and fiddlers, are ready to strike up, and two small six pounders, are
211 1351 566 1395 loaded at the water’s edge.
251 1382 1104 1430 When the boat of honour is approaching, the Elliah Rajah, or first
209 1423 1102 1463 Prince, attended by the Dewan, the officials, and others, proceed to
205 1462 1102 1507 the landing place, to receive the strangers. After they are landed,
237 1531 1099 1578 * Natives cannot understand, why Europea s clothe themselves to such an
209 1577 1096 1611 extent in India. A Namboorie visiting at the house of an European gentle-
205 1608 1104 1640 man, after meditating for some little time suddenly pointed to a wine
205 1641 1102 1671 bottle which had on a worked cover, and exclaimed, "well you are a curious race
209 1673 1102 1707 "of people, not only do you clothe yourselves from your head to your feet,
205 1701 1051 1736 "put cloths upon your wooden tables, but also petticoats on your bottles."
