1178 1975
178 200 246 257 404
548 210 713 254 UMBRELLAS.
176 271 1083 317 times, were portioned by the congregations to which they belonged:
178 310 1085 354 the amount being raised by fines from the richer members. All female
178 355 1081 403 orphans, belonging to each congregation, had their names registered,
179 395 1082 442 and the Church Overseers, were obliged to provide them with hus¬
179 436 1081 482 bands. On the wedding day, the gold ear rings are not the only
179 477 1086 514 ornaments put on, for the first and probably for the last time, as a
178 513 1088 555 head dress is also worn, made of pasteboard, and wound round with
178 555 1088 588 chains of gold, silver, or precious stones, to which smaller ornaments
179 596 1032 634 are also often attached, the weight of the whole being excessive.
215 630 1082 673 Hindu women, after the birth of their first child, invariably
177 667 1081 707 remove the bangles from their arms and occasionally their other
178 711 1085 750 ornaments also. Native Christians, sometimes follow this custom
184 747 470 785 but it is not the rule.
215 785 1088 833 The women have hair of the deepest black, which reaches down
179 830 1082 874 as low as the waist, they are very proud of it, and keep it profusely
178 864 1088 905 oiled. It is coarse in texture, and differs from that of the African.
184 903 1088 947 They are fond of false tresses, and nearly all, even those of the
179 942 536 991 poorer classes, wear them.
217 975 1086 1019 Cutting off the hair, or shaving the head, is considered a great
182 1018 1086 1059 disgrace. On festivals, or grand occasions, it is adorned with
178 1056 558 1102 flowers, or silver ornaments.
217 1094 1084 1138 Umbrellas* were formerly only carried over the great and noble :
179 1134 1088 1177 but all this is changed under British supremacy, although a remnant
182 1176 1088 1214 of the old idea, of the distinction of carrying it, still remains, and is
180 1228 1083 1262 enforced by law in the native state. The Rajah on ceremonial occa¬
178 1254 1086 1295 sions, has a crimson one, with silver mountings carried over him, and
182 1294 1088 1334 a similar one shades the Hindu gods, from the rain or sunshine, when
180 1335 1088 1374 taken out of the Pagodas. At Christian weddings, the Bride and
186 1370 1087 1410 Bridegroom, also each have one carried over them; it is always a
186 1406 1087 1451 mark of honour. The size of the umbrella, was formerly in propor¬
186 1452 1090 1490 tion to the rank of the person, over whom it was carried. Common
186 1487 1087 1530 umbrellas are usually made of the dried leaf of the Talipot palm which
182 1530 477 1582 is oocasionally tarred.
233 1575 1086 1611 * Cope mentions, that when he was in Canara about 1714, no man was per-
178 1604 1088 1640 mitted to ride on horses, mules, or elephants, but Troopers, or Officers of State,
182 1636 1090 1670 although Europeans, were allowed to ride on oxen or buffaloes. Neither might
182 1668 1086 1706 umbrellas be carried over them by servants, but if the sun or rain offended
184 1698 788 1743 them, they might carry them themselves. Page 300.
