1178 1992
426 238 658 294 NATIVE HOUSES.
930 234 1002 296 405
118 285 997 352 Native houses are of most varied descriptions. That of the
90 342 997 387 Rajah is termed a Colgum* from Col “a sceptre” and “agum” “a
84 386 996 431 house.” It also means a distinct branch, or house, of any of the
84 426 997 465 regal Hindu dynasties of Malabar. In building for those of the
87 466 994 510 higher castes, great care is necessary, as a piece of wood, clothing
90 505 994 554 or drapery will convey pollution, from the lower to the higher
87 543 997 593 castes : as will also coir matting should it contain even one thread of
87 586 999 634 cotton upon it although it is of itself unpollutable, a piece of new¬
90 623 994 661 cloth may be thrown to a high caste person, who can look at it-and
84 665 999 704 toss it back without having been defiled, but should it be old it
94 702 995 747 causes pollution. Floors must be made of chunam, stone, or earth,
87 743 997 780 which are non-conductors, and not of planks : and for the same
87 779 997 819 reason no carpets or mats can be spread. The checquered black and
87 821 999 860 white chunam floors, are therefore usually seen, in the houses of the
87 859 997 905 higher castes. Natives prefer houses situated in the centre of large
87 902 997 942 compounds, many of those belonging to the nobility are two stories
87 941 999 979 high, before the lowest of these there is a verandah, in which
87 982 1009 1018 visitors are received : when the reception room is not in a separate
92 1019 1004 1058 building. In the upper story, the family sleep, study, or transact
91 1055 226 1103 business.
133 1089 1003 1138 When the Portuguese arrived, few Natives were allowed to live in
90 1138 1002 1179 anything but thatched huts, with mud or bamboo leaf walls. Tra¬
87 1179 1005 1218 ders such as the Moplahs, were allowed to build stone walls around
94 1211 1009 1257 their compounds, and even stone storehouses, in consequence of the
94 1254 1006 1297 risks they were otherwise exposed to. Princes and Priests had
94 1297 1003 1335 stone houses, and Pagodas were allowed the privilege of tiled roofs.
98 1333 1004 1384 Whole villages could thus easily be burnt down, if the inhabitants
90 1377 942 1418 refused to pay their taxes, or their evacuation were necessary.
126 1411 1005 1457 The miserable huts of the Churmurs, are dotted along the raised
92 1451 1005 1495 banks of paddy fields, and those of the Niadis may occasionally be
92 1493 1007 1534 seen perched like baskets, or birds’ nests, up in jungle trees, into which
92 1531 1007 1578 they crawl at night time. The situation of the generality of houses,
92 1571 1007 1616 may be said to be damp, either from the places in which they are built,
115 1645 1007 1681 * Wherever the Rajah has a Colgum, the Paliat Achen possessed an Illum.
94 1677 1007 1714 District courts go by the name of "the gate of the palace,” therefore should
92 1714 1013 1751 the Rajah be hearing any case in the courts, he is "sitting in the gate of
95 1740 229 1785 the palace."
