1178 1992
327 237 780 286 FEEDING HOUSES FOR BRAIIMANS.
943 211 1005 283 407
107 294 1005 336 state; it is therefore the ambition of the people of Malabar to have a
107 335 1007 374 tank, a well, or a choultrie named after them. Hospitality is much
109 377 922 418 lauded, but of course is confined to persons of the same caste.
145 414 1005 458 The usual mode of travelling, is by the Moncheel or Palanquin,
107 453 1007 498 carried by bearers, each of whom receives 4 pie a mile, by bullock
109 494 1004 535 or buffaloe carts, which are paid at the rate of one anna nine pie a
109 533 1004 576 mile, and by boats of every description, from the comfortable cabin
107 571 936 618 to the little snake boat, which can go up very shallow streams.
139 606 1004 656 Letters in the Rajah’s territory, are conveyed by Ungil, free of charge,
107 648 996 690 as are also small parcels. Before the inland roads were open to Eu-
107 685 942 731 ropeans, the post office runners were permitted the use of them.
147 732 1005 772 The food of the people, is as varied as their castes and creeds, the
113 766 997 808 Brahmans of the country, (the Namboories,) are a very bigoted sect,
109 806 996 843 who disdaining to touch animal food, or rather perhaps having a re¬
107 846 999 886 ligious aversion to it, eat their vegetables alone, and grow fat on their
103 883 997 926 milk and ghee. The amount of sugar* they consume, is only limited
103 926 1000 960 by their means of procuring it. The criterion by which one Native
103 964 996 1008 judges of the wealth and respectability of another, is bis size, a
103 1004 1000 1035 stout man is therefore held in much greater esteem,-than a thin
103 1038 995 1081 one. There are certain feeding houses, Ootooparas, already alluded
103 1081 1000 1118 to, in the topographical chapter of this work, where this pampered
109 1117 995 1161 Brahmanical class are gratuitously fed, the cost being defrayed by
106 1155 998 1198 the taxes of the country, thus they can always be supplied with a
104 1197 182 1238 meal.
135 1231 993 1273 As every Native, no matter what his property may be, would
101 1273 996 1317 rather be fed at Government expense, than at his own, there is no
101 1309 990 1351 déarth of applicants at these honses. The cost of this, is reckoned
98 1351 997 1391 in the official records, amongst that for public works, of which this
103 1391 626 1441 good work, absorbs a very large portion.
135 1422 992 1475 The Schatriyas, are as particular about their food as the Brahmans,
107 1512 977 1552 * The late Rajah of Travancore, had a private museum, in which "bonbons,"
95 1547 988 1583 and "jujubes," held a conspicuous place. One day an advertisement in a Ma-
95 1580 992 1614 dras newspaper caught his eye, announcing the arrival of a consignment of
98 1611 984 1641 "Jupons." Concluding that they also must be something nice to eat, he order-
98 1642 995 1673 ed a number by post. In due time they arrived, and great surprise was mani-
98 1674 996 1710 fested when the contents were discovered to be steel crinolines. Their use was
99 1706 650 1754 unknown, but they were placed in the museum!
