1178 1975
486 201 741 243 THE LAND WINDS.
160 201 229 250 414
194 260 1073 307 Reasoning by analogy with other placcs, it might be expected
157 307 1070 350 that at this time, the whole country would swarm with animal life,
162 348 1073 386 but this is not the case. The birds retire to some drier locality, and
162 385 1070 426 the insects are not more numerous. The rains are too heavy, and
161 430 1067 472 tlie moisture too great, for animal life to thrive, small creatures are
164 469 1070 506 destroyed, and the larger unable to obtain food, migrate to more
164 505 348 554 genial climes.
194 542 1070 585 The North East Monsoon, or as it is sometimes called, the Madras
162 584 1064 624 Monsoon, is very slightly perceptible in Cochin, it occurs in Octo¬
162 621 1064 660 ber, and lasts partly into November : the fall of rain is not great.
164 662 1066 703 Coughs and colds, with feverish attacks, are at this season very
168 705 299 749 prevalent.
199 738 1070 787 The cold season, if it can be so designated, commences about the
162 775 1076 819 beginning of November, at the termination of the North East
164 822 298 881 Monsoon.
199 854 1068 898 The average rain fall, excluding unusual ycars, has been as fol¬
164 898 1070 942 lows, January 04, February 04, March 32, April 74, May 104, (in
172 940 1072 978 1859, 50 inches fell during this month,) June 291, July 104, August
165 977 1068 1024 101, September 74, October 144, November 4, and December 14
164 1020 263 1061 inches.
197 1043 1072 1099 The perceptible heat of the atmosphere, does not depend entirely on
162 1097 1074 1139 that registered by the thermometer, for thie movements of tlie air, also
164 1140 1078 1178 sensibly affect the feeling ; the heat at night time, all the year
165 1176 1074 1215 round, is not in a ratio corresponding with what occurs during the
164 1220 1075 1259 day. Generally in October, or at the latest in November, the low
162 1259 1074 1300 lands around the bases of the ghauts, and for some distancc from
162 1298 1074 1338 them, commence to be covered with dew, and fogs hang about the
164 1338 1072 1378 wooded hills. All low country people, are at this time obliged to
162 1378 1074 1417 lcave the Jungles, fever increases in intensity, and sleeping in the
170 1408 1075 1458 woods, would almost certainly be followed by an attack of Jungle
165 1457 1078 1498 fcver. This dangerous time continues until February, or the end of
170 1491 1072 1546 March, but cases contracted in December, and January, are most
162 1533 847 1579 dreaded, for the type is then of a sthenic character.
199 1575 1074 1615 The land winds, or those from the North East or East, are exceed¬
162 1614 1074 1659 ingly variable, for whilst in October they may be severe further North,
186 1672 1075 1718 * These observations have been made, amongst the Kodachayree Hills, and
155 1694 264 1741 Jungles.
