1178 1975
182 206 252 249 416
357 212 918 244 OFFENSIVE EFFLUVIE FROM THE WATER.
182 270 1088 310 something like a flock of wild ducks passing. In the commencement of
184 313 1087 354 March, strong cold sea breezes, generally occur, renderingthe sea rough :
184 355 1083 401 should persons remain in them whilst perspiring, fever is frequently
184 388 1087 432 the result ; during April and May, thunder and lightning become
185 431 1088 468 severe, the flashes being very vivid, whilst the claps appear close :
188 468 1083 514 sometimes the shipping in the roads are struck, trees are frequently
188 506 1088 547 knocked down, and some fatal accidents to coolies working out of
185 546 1084 594 doors usually take place, especially to those preparing the paddy
188 593 1088 633 grounds, fox the Monsoon crop. As the downpour becomes more
188 634 1090 667 decided, the thunder and lightning gradually disappear, and cease
192 667 1084 710 by the middle of June. In the North East Monsoon, there is usu¬
184 704 749 745 ally a return of this electrical disturbance.
225 742 1084 782 Hail storms are of very rare occurrence: one occurred in Cochin in
190 782 1087 825 May 1862,and was-looked upon by the Natives, with extreme wonder.
225 819 1094 859 At various periods in the year, very offensive effluvio arise from
193 859 1094 898 the sea, the backwater, and the banks of the Alwaye river. These
190 897 1090 936 exhalations from the sea, during the last three years, have been
192 940 1096 979 especially apparent, on June 14th and 15th, 1861 : July 22nd, 23rd
192 979 1093 1011 and 24th, 1860 : and August 8th, 1862. Whilst in “ November, and
192 1011 1090 1060 “December, 1836, the state of the sea at this station, (Calicut,) and
193 1052 1090 1089 “ Tellicherry, was very unwholesome, it sent forth a strong stench of
192 1093 1089 1135 “putrifying matter,and deposited a black mud on the sand. For many
192 1131 1096 1171 “yards from the shore, the water was covered by dead fish, and on the
190 1171 1094 1207 “ beach they werelying in large heaps: the effluvia arising from which
190 1214 1093 1251 “ extended over the station, and almost every person was more or
190 1248 1088 1281 “ less ailing,—fevers, headaches, and nausea, were the general com¬
190 1286 1093 1322 “ plaints.”* In this last instance, the state of the sea, could not be
195 1328 1096 1363 owing to the admixture of fresh with salt water, as such was not
193 1364 1094 1407 then occurring, whilst the state of the sea appears to have caused
193 1402 1088 1442 the destruction of the fish. In Cochin when emanations arise from
198 1444 1095 1483 the sea, they also do so from the backwater, showing from whence
195 1480 1090 1523 the odour is derived. Still it seems as if the smell is augmented,
198 1523 1093 1566 when the unsavoury water from the backwater, reaches the sea, and
195 1557 1098 1601 many of the finny tribe, and sea snakes, are often perceived at this
193 1594 601 1651 time lying dead on the shore.
237 1631 1095 1697 * Medical Topography of the Madras Presidency, Malabar, and Canara,
195 1690 303 1738 page 84.
