1178 1992
927 248 988 291 417
303 254 778 302 CHARMS USED TO CURE DISEASES.
110 302 990 362 Offensive emanations from the backwater, and river, are by no
79 358 994 399 means confined to the Monsoon months. One cause is, that immense
76 396 994 433 numbers of cocoanut shells are buried in the mud, within tidal
76 434 995 474 influence,—in order to separate the fibres, and thus form coir. When
84 466 996 517 these deposits are opened, the effluvia is most horrible, and the
79 516 995 554 river is polluted for many miles. Another cause is the water which
84 555 999 594 has been retained in paddy fields, in which vegetable matter is
84 595 1002 634 allowed to putrify for manure ; and when let out into the
79 636 1001 674 river, or overflowed, it renders the river water very offensive. Thus it
79 674 995 720 is, that when the Monsoon rains cause the rivers to overflow their
79 715 1001 748 banks, all decayed matter is carried towards the sea, which is thus
84 744 999 795 rendered semi-putrid. The cause of this effluvia in the sea, during
86 788 999 828 the hot months, is difficult to determine. Benett* considered that
84 826 1003 868 in Ceylon, it arose from the presence of vast numbers of the Arum
87 868 226 914 fotidum.
125 899 1005 959 Cochin though called healthy by its inhabitants, is much dreaded
90 944 1005 991 on account of its numerous diseases, as a place of residence, by the
92 994 1004 1033 Natives of other parts of India. The mortality is about one person
94 1027 1006 1073 yearly in every twenty-four inhabitants, or excluding epidemics, such
87 1069 873 1106 as Cholera and Small Pox ; one in thirty-three individuals.
891 1064 1003 1113 Natives
90 1110 1005 1153 are not generally speaking long lived, whilst their mode of stuffing
90 1150 1007 1188 themselves at meals, drinking large quantities of intoxicating or hot
92 1183 908 1231 fluids, and eating opium, renders them martyrs to dyspepsia.
123 1226 1009 1267 All diseases are considered to be more or less due to demoniacal
87 1266 1005 1312 influence, and consequently a belief in the efficacy of spells, is deeply
90 1307 1011 1350 rooted. Charms as a rule, are more relied on than drugs, and a piece
95 1351 1007 1390 of peacock’s feather tied round an arm or leg, than the appliances
98 1388 1005 1423 of a Medical Practitioner. The Brahman, the Priest, and the Exor¬
94 1427 1009 1473 cist, rank about equal : and the decapitation of a cock, as a sacrifice
95 1465 1011 1507 to the goddess Kali, is believed incomparably superior to vaccination,
98 1503 1011 1551 as a preservative against Small Pox. The presentation of an
95 1546 1004 1592 umbrella to a Brahman, it is believed will protect the donor from
98 1584 1010 1631 the injurious effects of the sun: giving him shoes will prevent his
92 1617 1007 1663 feet being blistered on a journey: whilst presenting him with some
98 1663 1011 1707 aromatic spices, will preserve him all his days, fromi offensive smells,
502 1766 573 1802 E 2
403 1729 727 1777 * Ceylon, and its capabilities.
