1178 1975
145 215 949 253 420 PREVALENT FORMS OF FEVER IN DIFFERENT MONTHS.
143 284 1040 322 affects dogs and cats, whilst horses go weak in the loins, which has
145 322 1035 363 been attributed sither to their eating the Lathyrus sativus or analo¬
145 362 1040 402 gous vetches or else to their being exposed to a draught of cold
142 396 1040 435 wind when freely perspiring. Person’s teeth become extremely brittle
137 441 1040 496 and are very apt to break when brought in contact with any hard
142 476 283 519 substance.
173 510 1040 554 The Monsoon rains when heavy are productive of irritation of the
143 555 1041 606 intestines, consequently diarrhaa and dysentery are then very pre¬
151 595 247 634 valent."
184 628 1044 673 When epidemics of cholera or Small Pox are severe, evil spirits
143 675 1040 719 are believed to be roaming about after dark, through the towns, vil¬
145 715 1041 759 lages and highways, consequently as soon as it begins to get dusk,
149 752 1040 786 all doors are securely fastened, to prevent their entrance. This super¬
146 794 1043 832 stitious belief, is apparently prevalent, amongst all creeds and castes.
184 829 1050 865 Malarious fevers, (Puney, Mal.) in the form of dumb aques, are
151 865 1045 911 amongst the most common  diseases in Cochin, and are rather fatal
154 906 1049 945 in their effects, especially if contracted in the jungles. It is curious
154 948 1045 998 to observe, that the further south a locality is on the Western
158 987 872 1022 Coast, the less frequent are the attacks of this disease.
186 1019 1043 1070 During the dry cold months of the year, namely December,
154 1063 1049 1110 January,and February, the number of attacks is below the average,
151 1101 1043 1150 but the mortality exceeds it. The virulence of the malaria, how¬
154 1145 1049 1185 ever decreases in the three succceding hot months. With the man¬
155 1178 1047 1223 goe showers in March, the jungles and some other localities, become
155 1222 1045 1264 feverish, whilst in the plains, fevers become very severe, until the
158 1258 1052 1297 Monsoon has well set in, when they begin to decrease. Different
153 1295 1050 1344 localities in the Jungles, apparently suffer from fever at slightly dif¬
160 1339 1051 1379 ferent times, whilst the most sickly period in the hilly ranges, is
158 1379 1052 1422 not the same as that in the plains. In August the unhealthy Northi
162 1419 1051 1463 West long shore winds, are frequently perceived, and cause fevers,
158 1454 456 1505 colds, and dysentefles.
196 1510 1051 1541 * For a detailed account of the diseases of Cochin, which is unsuited to these
158 1551 1054 1581 pages, the reader is referred, to the Madras Journal of Medical Science, Vols.
154 1571 1051 1611 1, 2, and 3. Out of upwards of 20,000 admissions, into the Cochin Civil Dispen-
154 1605 1055 1641 sary, in five years, ending 1861, they were as follows : malarious fevers 9.7 :
155 1636 1055 1675 eruptive fevers 3.5 : lung affections 5.5: liver 0.3 : intestines 28.8 : brain 1.2:
155 1666 1059 1702 cholera 0.1 : dropsies 2.3 : rheumatism 5.8: lock hospital 4.4: abscesses and
158 1702 866 1742 ulcers 10.1: wounds 10.4: eye 2.4: skin 7.1: other diseases 8.4.
