1178 1975
191 220 254 266 432
531 221 735 262 HYDROPHOBIA.
190 287 1097 337 “or growing on a tree, equal in guilt the slayers of Brahmans, and
185 323 748 371 “the most despicable of all deadly sinners
221 371 1090 411 Cancer of the mouth, and lips, is very common, and incorrectly
188 410 1094 449 attributed to chewing chunam, and smoking tobacco. It is a curious
193 460 1095 489 coincidence between Native and European ideas, that this is often
190 482 932 527 thought to be caused in Europe, by smoking clay pipes.
222 524 1089 570 Tetanus or lock jaw, may occur at any season of the year, either
190 564 1093 606 from the effects of severe injuries, or simply from slight ones, and
184 602 1090 645 is generally fatal. But there is a severe chronic type of this dis¬
192 644 1092 682 tressing malady, which occurs during the months of October, Novem¬
185 679 756 721 ber, and December, and is usually curable.
217 721 1092 761 Hydrophobia sometimes occurs. Whenever thiere is a suspicion
190 762 1090 802 of a mad dog being at large, a reward is offered for the dead bodies
190 804 1089 846 of any stray animals of the canine tribe: large numbers are then
189 841 1094 877 killed, and all who wish to preserve their favourites, must tie them
192 879 948 918 up, until the order for this general massacre, is cancelled.
221 920 1090 959 When a child is born, an Astrologer is usually seated in the next
188 956 1092 998 room, in readiness to draw out its horoscope: this is a very difficult
192 999 1090 1040 process; if it is desired very exact, the situation of the stars at the mo¬
188 1035 1092 1083 ment of the infant’s birth, must be ascertained. Natives have tlie most
188 1076 1092 1116 implicit belief in the fulfilment of all predictions in their horoscopes,
185 1115 1089 1156 and the confident anticipation of death at a certain date, frequently
192 1156 1090 1202 produces such injurious effects on their health, as indirectly to cause it.
221 1196 1092 1241 Should a child be born in any unnatural form, it is supposed to
188 1238 1089 1277 be the incarnation of an evil spirit, or else of some deceased enemy,
184 1274 621 1310 and it is immediately destroyed.
215 1310 1095 1355 Should a woman suffer from convulsions after the birth of a child,
184 1354 1094 1401 a fowl is divided in half down the centre, and a portion bound on
185 1389 597 1433 each side of the patient’s head.
223 1432 1090 1471 When native married women, do not become in the state which
182 1465 1091 1519 it is generally expected they should be, some very extraordinary
184 1513 1092 1555 remedies are employed, for the purpose of effecting a change. A
182 1552 1094 1589 mole cricket, Igryllotalpus,, is caught, and she must then swallow
182 1595 1094 1635 it whole, and if possible alive; this is difficult, as its appearance is
184 1631 1097 1690 most repulsive, and if it does not go down the throat at once, it
463 1713 829 1746 * Sir W. Jones, vol. 5, page 160.
