1178 1975
327 220 847 265 SWALLOWING DISEASES AS A REMEDY.
143 222 205 270 434
144 287 1034 330 letters placed backwards, a number of curious ceremonies succeed, be¬
143 330 1029 371 fore the spirit is permitted to take its departure, with its new master.
176 367 1032 409 There are eight species of enchantment, said to cause death, to
137 408 847 450 drive persons from houses, to produce love, and so on.
168 447 1033 491 Europeans if in good health, can go out at any time during the
134 485 1032 523 day, if their hcads, temples, and the backs of their necks, are well
141 520 1030 571 proteeted from the sun: but if fatigued, or feeling unwell, they
139 561 1029 607 should not expose themselves to its rays. Sleeping in the land
139 603 1029 643 wind, or cold sea breeze, is very dangerous, and even the soft mild
137 644 1029 683 sea breeze may injuriously affect a feverish subject. The effeets of
134 679 968 722 the climate are very depressing,-and tea-totalism is injudicious.
166 718 1029 762 If compelled to travel through the jungles in the malarious
131 763 1015 801 months, Europeans should only drink water which has been boiled,
131 794 1029 834 and it is prefcrable to add a little spirit to it. He should bathe in
139 838 1029 876 warm water, and take one or two drops of Fowler’s solution of
137 878 1027 923 arsenic, and two grains of quinine, in a cup of coffee, every
133 913 1029 954 morning. Slceping under musquitoe curtains at night timc, assists
139 956 496 995 in keeping out the malaria.
171 993 1027 1035 The Hindu Deity of one of the hill coffee plantations, is said to
131 1034 1027 1073 be Iuppen. There is an altar raised there to him, consisting of a
137 1073 1029 1113 quantity of stones, and an iron trident. The Hindus state, that if
134 1114 1029 1149 this Deity be not propitiated by offerings, they will be inevitably
134 1148 1027 1186 destroyed by him, if they remain in the place more thian two
134 1186 1024 1226 days. In one instance, a Native timber cutter from Chittoor, refused
131 1226 1026 1278 him the customary offering, and the very next day, whilst engaged
133 1267 1024 1309 in felling a tree, by some mischance it went in the wrong direction,
133 1306 1025 1346 and literally smaslied the poor man to death. This so frightened
133 1347 1029 1392 the coolics, that now none venture to remain there a day after his
131 1390 1029 1435 arrival from the plains, without presenting a eocoanut, from which
137 1424 843 1465 thcy have drank the milk, in front of Iuppen’s shrine.
168 1463 1024 1509 Another sect when ill, not many years since, almost invariably
131 1505 1029 1550 went to their Priests, who wrote down their discases on a piece of
137 1540 1024 1586 paper, with a supplication for their speedy removal. This paper
134 1580 1024 1617 was then burnt and the ashes mixed in water, and drank by the pa¬
131 1617 1028 1667 ticut. The efficacy of this treatment, was believed to be marvellous,
181 1690 1027 1737 * Natives frequently poison wells, by throwing in leaves of the milk hedge.
