1178 1975
137 208 208 260 436
520 216 664 262 MONKEYS.
138 279 1045 329 Jaw Monkey, Semnopithecus entellus, Duff. This is considered by
136 322 1043 362 the natives, as the representative of Rama’s Monkey allies. They
141 359 1049 396 arg very common at the base of the ghauts, where large vegetation
137 401 228 443 exists.
179 430 1048 482 The Hunaman Monkcy is of considerable size, but slender make,
138 476 1048 520 its colour is ashy grey, lighitest underneath, the hands and fcet of
143 519 1048 555 a deep brown colour, and the tail of great length. When young it
138 554 1037 596 is very gentle, but with advancing age, it becomes sullen, and vin¬
138 595 1043 638 dictive : whilst its mischievous propensities increase. Communities
141 634 1042 674 of these Monkeys, are generally about a score in number; in the
138 674 1043 715 early morning, some of them may often be seen on the tops of the
138 705 1043 750 highest trees, either sunning themselves, jumping or swinging from
145 750 1043 799 bough to bough: whilst others act as sentinels, and warn their com¬
146 798 639 832 panions of the approach of strangers.
179 827 1043 873 On the arrival of an intruder, the Monkeys either remain perfect¬
136 871 1049 910 ly still, or else rapidly make off gesticulating, and uttering cries
141 906 1043 944 of warning, to their more distant friends. The mother may be
138 941 1045 986 seen fleeing with one, or more rarely two, little ones clinging round
138 985 1045 1020 her neck : and sometimes, the old male, will even turn at bay, and
143 1018 1045 1062 attack the intruder. When Monkeys perceive a tiger, they generally
138 1065 1048 1104 follow him for some little distance, jumping from tree to tree, and
145 1100 582 1146 making a peculiar warning noise.
171 1135 1048 1178 In cocoanut plantations, amongst plantain trees, and in cultivated
144 1179 1048 1219 rice grounds, they commit great devastations. Their food in the
151 1213 1049 1256 jungles, consists of roots and fruits, especially those of the various
138 1256 1048 1294 species of wild fig trees, more particularly the Ficus excelsa, and
142 1290 371 1345 the F. religiosa.
179 1330 1046 1377 This species of Monkey, is believed by devout Hindus, never to
145 1371 1049 1410 die a natural death,* whilst should a house be inadvertently con¬
143 1410 1045 1458 structed, over the bones of one of them, the domicile is doomed to
146 1454 827 1488 certain destruction, and its inmates to misfortunes.
178 1486 1049 1537 In some parts of India, and occasionally also in the Cochin State,
143 1529 1048 1571 childrendelight in playing tricks with Monkeys, a common one being,
145 1563 1052 1617 to obtain an innocuous snake, and rolling it up with some rice in a
146 1609 208 1638 —
171 1634 1056 1661 * It is a common Hindu saying, that he who has seen a straight cocoanut
143 1664 1051 1698 tree, a dead Monkey, the nest of a paddy bird, or the depth of a woman's
146 1699 577 1750 deceitful heart, &c. will live for ever.
