1178 1975
539 198 646 254 TIGERS.
143 186 206 254 440
143 256 1035 318 unfortunate European in the vicinity, finds his night’s rest sadly
143 311 1039 349 disturbed. Clappers in trees, or lights suspended from a bough,
143 349 633 390 will sometimes keep these bats away.
174 383 1037 431 It is curious to see innumerable flying foxes asleep, hanging in
143 429 954 466 long rows, by their hind claws, to the leafless boughs of trees.
178 463 1035 522 One little species of bat, (Nurrachilloo, Mal.) is inferior in point of
144 506 623 554 size, to many butterflies, and moths.
176 541 1037 582 Both the large Flying Fox, and tlie smaller species of the bat
143 584 1035 618 family, are eaten by the lower classes of natives, as well as by the
143 618 951 665 so called Portuguese, and they are also employed medicinally.
180 656 1033 702 The Tiger, Felis tigris, Linn., (Coudouah, Mal.) generally called
147 701 1032 744 the Royal Tiger, in contradistinction to the Cheetah, which is usu¬
139 738 1037 781 ally denominated the Tiger: is by no means a rare animal, but those
147 783 1036 819 which indulge in human food, are scarce. At times when irritated
143 820 1038 858 they attack persons, and occasion much loss amongst domesticated
149 856 1039 898 cattle. A reward of from ten to twelve Rupees, is paid for the skin of
143 896 1039 940 each tiger.* They are generally sliot at night time by Sportsmen,
149 940 1038 983 who conceal themselves in trees, and watch for thein, either at some
143 970 517 1009 tank, or near a dead animal.
180 1010 1037 1051 Natives assert that a new lobe grows on to the liver of a Tiger
143 1049 1038 1094 every year it lives, and therefore by an examination of that organ,
143 1092 747 1130 the auimal’s age can be accurately ascertained.
180 1131 1042 1182 Man eating tigers, are said to be very often-without hair, or in
149 1172 1033 1214 other words mangy, after they have killed their first victim, they
144 1213 1037 1249 are believed to be quite safe from all attacks, as the spirit of the
144 1251 1042 1297 murdered person rides upon their forehead, and guides them from
147 1292 1037 1331 every danger. If a tiger swallows any clothing it frequently causes
147 1334 1039 1369 his destruction : and this is perhaps the reason, why he prefers the
147 1371 836 1406 Native in his undress, to the well clothed European.
176 1406 1037 1453 Evil spirits are supposed to have the power at times, of changing
176 1466 1037 1499 * The Dewan of Cochin, has kindly furnished the following return, of ani-
147 1491 1039 1534 mals, for the destruction of which rewards have been disbursed by the Cochin
151 1528 1037 1562 Sircar during the last five years, viz., 10 Tigers, 67 Cheetahs, and 6 Crocodiles,
144 1560 1037 1598 at a total cost of Rupees 408 1/2. The skins of the first two mentioned animals,
144 1587 1037 1625 are forwarded to the Cutcherry at Ernacollum, but owing to the difficulty in
149 1621 1039 1658 obtaining the rewards, and the deductions for expenses, very many no doubt
149 1653 1039 1697 are shot without their skins being brought forward, and are therefore not in-
147 1680 421 1729 cluded in the accounts.
