1178 1975
192 206 263 258 412
557 207 737 258 THE HYENA.
227 271 1098 321 The Native Cheetah trap, is a large eage, divided into two rooms :
193 312 1094 353 in one of these a live dog, or goat is plaeed, which at night time at¬
193 353 1096 398 traets the Cheetah, who enters by the open door of the empty divi¬
193 395 1102 436 sion, which is so contrived, that it immediately falls, and encloses
195 435 1090 475 him. Shooting them by ambuseade at night time, is the most com¬
192 469 603 519 mon mode of destroying them.
225 513 1096 554 The Toddy eat, Viverra Indica, Geoff. (Murruputti, Mal.) is very
190 551 1096 586 common in this part of India, and commits great depredations
193 590 1094 624 amongst the fruit trees, pulling down the eocoa, and destroying co¬
195 627 1096 667 coanuts. Thorny briars, are consequently plaeed around the trunk
190 668 936 704 of all fruit trees, to prevent the aseent of these animals.
227 694 1090 747 They inhabit houses, pursue the rats and mice, destroy the poul¬
190 746 1087 783 try and their eggs, and make such a disturbanee at night time, that
193 783 1086 825 they are far from being welcome guests. They are so cunning, that
193 819 1090 859 the Natives assert, that they disappear, immediately an order is given
193 861 1085 905 to re-roof a house, where they may have taken up their abode. They
193 898 746 945 have however the eredit of killing snakes.
225 930 1084 982 One day whilst passing up the backwater, a tame eat,“ was seen
193 973 1090 1024 out on a travelling excursion. The monsoon had set in, and the
195 1015 1083 1059 paddy fields were small ponds: on reaching one of these, pussy pad¬
188 1055 1083 1098 dled along, until she arrived at a deep drain, when without any hesi¬
192 1092 1084 1130 tation she plunged in, swam aeross and pursued her original course.
219 1132 1084 1174 The Hyena, Hyena Striata, Zimm. is not rare, and descends into the
192 1170 1086 1216 plains: whilst the Jackall, Canis aureus, Linn. (Curuken also Nurree,
193 1207 1086 1246 Mal.) by his nnearthly howlings, disturbs the quiet of the night: the
188 1242 1080 1294 noise of these animals has been likened to many things. An old
182 1284 1085 1337 saying is that one Jackall calls out, “ Hore’s the body of a dead
225 1370 1084 1414 * The Egyptians held cats in such great estimation, that when one died in
182 1409 1080 1449 the house, the owner of it shaved his eyebrows, and mourned as if for a child.
185 1443 1084 1475 The body was embalmed, and taken to a particular city for interment, where
182 1475 1083 1505 it may be said, there was many a cat-a-wall-in. Killing a cat was considered a
184 1504 1083 1540 heinous offence, and was punished by a fine, the amount of which depended
182 1529 1086 1567 on the Priest's verdict. Even in Wales we are told, that in olden times, a
184 1564 1081 1597 Prince included a law for the preservation of cats, amongst the code by which
184 1597 1087 1631 he regulated his kingdom. A kitten before she could see, was estimated at
184 1626 1081 1659 the value of a calf, after her first capture her price was doubled, and a re-
184 1660 1081 1698 gular mouser was valued at four calves. However in those primitive times, a
182 1690 607 1728 calf might be purchased for a penny.
