1178 1992
933 211 1003 273 443
432 218 655 274 TIIE MONGOOSE.
94 281 996 330 Hindu,” when the eager cry arises from all quarters, “where ? where ?
98 331 876 369 where ”” followed by the response, “ Here  here : here !"*
133 371 996 411 The Wild dog, Cuon primarus, Hodg. (Chennai, Mal.) is sometimes
98 411 997 457 seen in the higher regions, hunting in small paeks. When there
98 449 994 494 are a number of them, tliey are asserted occasionally to kill wild
99 489 996 531 boars, or even tigers. Dr. Francis Buchanan, mentions that these
94 524 996 563 animals, are said to surprise a tiger by springing ont suddenly and
91 568 996 603 fastening on his neck, and so killing him. Having twiee had an
96 606 992 652 opportunity of seeing packs of wild dogs hunting, once in the early
94 645 997 686 morning, and once in the evening, a remark on the subject may be
96 683 996 726 deemed interesting. On each oceasion, they were five in number,
98 726 994 766 their size just between a jackall and a wolf, the tail of a rusty
98 764 997 808 colour above, and greyish yellow below. In hunting one appeared
98 800 997 841 to take the lead, easting about for the trail, whilst the others were
96 841 996 877 all togethier. The noise made by them, has been well deseribed as
96 880 999 922 a barking whistle. Tlie paek sometimes advances on its game,
96 922 823 966 from different quarters, but this is not always tlie case.
133 954 993 990 Wild dogs when hunting do not appear to be such very timid crea¬
96 992 993 1038 tures as they are frequently represented. Theyare said to kill Sambur,
96 1038 996 1076 and other species of Deer, Tigers, wild Hogs, Hyenas, Jackalls, Bears,
100 1075 407 1119 Poreupines, and Quails.
129 1111 993 1158 The Fox, Vulpes Indicus, (Hodgs.) is very common in some places,
96 1152 998 1193 occasionally they have horus on their forcheads. It is said, that
98 1193 997 1227 tlie fortunate possessor of one of these, will be able to cheat and
99 1233 996 1274 swindle with impunity, they are consequently in great request, and
96 1270 731 1320 spurious ones are not unfrequently disposed of.
133 1301 1003 1348 Amongst the gemis Herpestes, the Mongoose, H. Griseus, Geoff.
100 1347 997 1386 (Keerree, Mal.) is found in almost every elump of thick buslies, and
93 1388 997 1434 is very useful, in elearing the ground of snakes and rats : but unfor¬
96 1426 998 1466 tunately it sometimes also attacks poultry, and in one night may
96 1466 996 1499 destroy a large amount, as it merely sucks the blood of its vietims.
96 1500 1001 1545 In the higher ranges, the larger and much more beautiful chestuut
98 1549 848 1583 coloured Mongoose, II. Elliottii, is still more destructive.
137 1593 1001 1629 * A Missionary in Tinnevelly informs us, that Jackalls catch crabs, by putting
96 1623 999 1654 their own tails into the crabs’ holes, and when they feel a bite, drawing that
91 1654 997 1682 appendage quickly up. The Cochin Jackalls, do not appear to have such a
96 1683 999 1715 sporting turn of mind, as their Tinnevelly relatives, at least they are not
91 1713 746 1769 reputed, to go fishing with their tails, in crabs' retreats!
