1178 1975
194 213 262 270 448
570 204 727 270 THE GOUR.
198 281 1098 326 White Ants’ nests. It is very difficult to keep it in a box as it inserts
194 323 1090 366 its long nose under the lid, and forces its way out in spite of enor¬
194 364 395 414 mous pressure.
235 395 1092 450 The Gour, Bos Cavifrons, Hodg. (Kartoo Poathoo, Mal.) is very
194 444 1092 486 abundant in the jungles, along the whole range of the ghauts,
198 483 1095 526 where it is generally known as the Bison. The male stands as
194 524 1088 562 much as 6 feet 1 inch at the shoulder. Its hump is very small,
194 557 1095 595 and the body of a dark colour, with white legs, and its eyes are of
194 596 1092 634 a curious light blue. It is a timid animal, and when alarmed rushes
194 633 1095 674 madly away through the bushes, never turning to bay, unless either
194 674 1092 720 desperately wounded, or having no other means of escape. The
201 713 1098 755 Natives are greatly alarmed when it thus turns, as they assert, that it
200 758 1096 794 will root up a stone from the ground, and discharge it with a snort,
204 789 1097 835 with fatal effect at its adversary. In Ramghur, the Natives never
198 832 1087 866 attack it, as they believe it to be so vindictive, that should it pur¬
198 873 1097 907 sue them, and they take refuge in a tree, it will watch ar ound the
201 907 1089 947 base, until they fall down from the effects of starvation, or exhaus¬
198 946 1092 988 tion, when it immediately destroys them. It is very fond of young
200 986 1099 1025 bamboo shoots. It has been suggested that this animal might
198 1025 1097 1060 advantageously be introduced into Europe, but it appears to have
200 1064 1096 1099 been overlooked, that although it is large, it grows very slowly.
207 1099 1100 1138 Whilst in the low country, at Salem, and in their haunts on the
201 1137 1095 1179 Shevaroys, attempts to domesticate them have proved unsuccessful.
198 1178 1098 1218 Some few calves have lived up to three years of age, but none are
198 1213 745 1259 recorded as having survived that period.*
228 1249 1099 1290 Its skin is employed for covering shields, and also for the soles of
194 1293 1096 1332 shoes. Its horns take a very beautiful polish, they should first be
201 1329 1096 1370 filed and scraped, until quite smooth, and then rubbed with the
198 1371 1098 1414 leaves of the Ficus aspera: subsequently being polished by strong
198 1412 1100 1449 friction, with a soft leather, or cloth covered with charcoal and
204 1446 386 1498 grease, or oil.
253 1522 1101 1578 * Mr. Eliot, in the Madras Quarterly Journal, gives the size of one measur-
201 1566 1100 1602 ed by him most accurately. Height at shoulder 73 1/2: at rump 65: length from
204 1595 1098 1630 nose to insertion of tail 114 1/2: of tail 34: of dorsal ridge, including hump 40 :
206 1628 1096 1666 height of the same 4 1/2: girth behind fore legs 96: breadth of forehead 15 1/2 :
206 1658 1099 1694 between points of horn 25: circumference of neck 52: skin of neck, shoulder
201 1691 580 1742 and thighs about 2 inches thick.
