1178 1992
519 198 615 263 SHEEP.
949 181 1004 262 449
144 272 1007 319 Domesticated cattle do not thrive in this portion of India ; the
111 318 1001 361 cows are small and few in number, oxen are used for ploughing,
111 358 1006 396 and as beasts of draught and burden, as are also the country ponies,
113 392 1005 435 The reason of this deficiency in cattle appears to be due to two
115 430 1005 479 causes, first to the difficulty in procuring pasturage, and secondly to
115 470 1006 513 the heavy monsoons, which are so destructive to the health and life
113 511 1002 558 of large ruminant animals.* The idols and great people are fanned
115 544 702 588 with the tail of the Thibet cow, Bos gruiens.
144 588 1005 626 The Malabar Ibex, Capra—? may be identical with the Neil¬
114 622 1001 668 gherry species, although in some respects it appears to differ. The
111 666 1009 704 length of the male is about 5 feet 4 inches, from the base of the
111 709 1006 752 horns to the tip of the nose, which last is aquiline, the horns are
110 739 1007 790 14½/ inches in length, and 54 apart at the tips. The general colour is a
115 780 1005 822 greyish brown, with a greyish ash coloured saddle across the loins ; it
109 823 1005 865 is also grey at the sides and base of the neck, and has a black streak
109 862 1004 898 from the occiput to the tail, the legs are black with a spot of white
109 908 999 943 on the forelegs, an inch above each knee. The skin, is of the same
111 939 1001 976 thickness in every part of the body. It is good eating, but inhabits
109 979 1006 1021 rocks and other almost inaccessible places, with the exception of
109 1010 1001 1065 Maliatur, where, as already mentioned, it is, curious to say, perfectly
109 1057 999 1091 tame. Sometimes it may be seen almost as shaggy as the Cash¬
106 1089 772 1135 mere goats, with hair almost touching the ground.
141 1126 1005 1175 Sheep (Ardou, Mal.) may be said to be unknown in Cochin, but
106 1170 997 1217 are brought into the country from Palghaut, and are long legged,
109 1213 999 1247 ugly, red, brown, and black creatures.† Although very thin, the
106 1252 999 1294 mutton is usually pretty good, but small goats thrive much better,
109 1290 998 1331 and are more numerous in the interior of the country. When
109 1326 996 1374 brought into the town, they multiply rapidly, but do not give much
510 1692 570 1746 1 2
133 1416 1001 1458 * In the memoirs of the Missionary Weitbrecht, it is stated that Hindus
109 1457 996 1494 believe coal, to be the remains of horses, of which as many as 5,090 were fre-
109 1485 997 1522 quently sacrificed to the gods, by their kings in ancient times. The tar in
106 1514 934 1555 the coal is supposed to arise from the ghee, poured on the sacrificial fire.
133 1548 1000 1586 † Krishna was an especial favourite with the Shepherdesses, of whom he
103 1584 996 1618 had a large number under his protection. On hearing of his death, they are
103 1616 996 1648 believed to have drowned themselves in the pool at Dwaraka; in commemora-
105 1653 995 1697 tion of which, the caste marks of the Vishnuites ought to be made of the
103 1673 354 1711 mud from that pond.
