1178 1992
963 215 1021 264 451
435 215 711 265 THE SPOTTED DEER.
115 258 1029 322 night, for fear of wild beasts, but invariably either return to the
117 322 1028 368 plains, or congregate together in open spaces, where should they
112 364 1027 403 lie down, they are very careful that their horns shall form a circle
110 404 683 442 externally, in readiness to meet an enemy.
149 442 1029 482 The descendant of the Zebu, or Indian Ox, is said to lose the
110 473 1027 528 hump, on being crossed with other cattle, and is considered to be the
117 521 581 561 originator, of the Eurcpean stock.
149 559 1021 602 Buffaloes, Bubalas buffelus, Blum., appear to thrive pretty well,
110 602 1027 641 and are kept principally for their milk, from which a kind of cream
110 641 1029 683 cheese is made; to Europeans these animals always appear to be in
112 684 1025 716 a half savage state. They are sometimes employed in ploughing, in
112 719 1032 752 deep wet soils, and may occasionally be seen in carts. During the
115 763 1027 794 day, they delight in remaining in the water, with only their noses
110 796 1027 842 above the surface. They thrive in many moist places, fatal to the
114 839 274 882 Indian Ox.
150 878 1027 920 Donkeys are not used in the town of Cochin as beasts of burden,
112 915 1029 963 but they are so in Trichoor. In olden times, these animals were
115 956 1029 1002 employed for punishing women, who had committed certain offences;
112 991 1032 1034 after their heads had been shaved, they were compelled to ride
117 1035 1029 1081 through the Bazaar, with their faces te the animal’s tail, probably it
117 1076 1029 1121 was found necessary subsequently, to destroy the poor creatures, for
120 1114 1032 1159 fear they should be overworked.* Riding upon an Ass, was in the
117 1156 1029 1193 time of the Jewish Judges, consideted a great mark of distinction.
115 1195 1032 1257 Solomon was the first te introduce the horse, in the place of the
120 1243 363 1282 more patient Ass.
147 1267 1032 1313 The Sambur, Rusa equina, Cuo., grows to a large size, and though
117 1315 1032 1354 not esteemed good eating by Europeans, its horns are fine, and its
118 1355 616 1393 marrow bones are an Indian delicacy.
151 1390 1032 1439 The spotted Deer, Axis maculata, Gray. (Puliman, Mal.) is very
115 1436 1027 1471 numerous, and its horns form an article of export. The animal is
110 1470 1027 1515 sometimes killed to procure them, but at the time of shedding, they
117 1518 1032 1555 are collected in large numbers in the jungles. The young horns are
118 1553 1032 1595 rough, but the older ones are much smoother, as the animals before
142 1627 1030 1662 * The authoress of "Delhi" says, Natives believe that "If you pass between
110 1656 1033 1688 two donkies, you will lose your religion, but if you touch them both, you will
118 1688 1032 1730 get it back again, and keep it"! if so easily lost, it might be added, "as long
112 1727 542 1759 as you hold on by the animals’ tails."
