<?xml version="1.0" encoding="UTF-8" standalone="yes"?>
<PcGts xmlns="http://schema.primaresearch.org/PAGE/gts/pagecontent/2013-07-15" xmlns:xsi="http://www.w3.org/2001/XMLSchema-instance" xsi:schemaLocation="http://schema.primaresearch.org/PAGE/gts/pagecontent/2013-07-15 http://schema.primaresearch.org/PAGE/gts/pagecontent/2013-07-15/pagecontent.xsd">
    <Metadata>
        <Creator>prov=READ-COOP:name=PyLaia@TranskribusPlatform:version=2.20.0:model_id=241369:lm=none:date=09_12_2024_19:55</Creator>
        <Created>2024-11-27T19:20:07.811+01:00</Created>
        <LastChange>2024-12-10T01:42:35.021+01:00</LastChange>
        <TranskribusMetadata docId="5452014" pageId="84960485" pageNr="474" tsid="211286206" status="IN_PROGRESS" userId="302539" imgUrl="https://files.transkribus.eu/Get?id=VXTHJMCBCBSBFRVHQFXFZWAO&amp;fileType=view" xmlUrl="https://files.transkribus.eu/Get?id=GYXULUADAYXMIZQLIHKVMLII" imageId="70209706"/>
    </Metadata>
    <Page imageFilename="0474_the_land_of_the_perumauls_page_474.jpg" imageWidth="1178" imageHeight="1975">
        <ReadingOrder>
            <OrderedGroup id="ro_1733840813310" caption="Regions reading order">
                <RegionRefIndexed index="0" regionRef="tr_1"/>
                <RegionRefIndexed index="1" regionRef="r"/>
            </OrderedGroup>
        </ReadingOrder>
        <TextRegion orientation="0.0" id="tr_1" custom="readingOrder {index:0;}">
            <Coords points="160,221 160,1456 1069,1456 1069,221"/>
            <TextLine id="tr_1_tl_1" custom="readingOrder {index:0;}">
                <Coords points="158,247 177,251 184,258 191,258 204,247 209,251 222,251 222,210 179,209 169,219 158,219"/>
                <Baseline points="164,241 194,241 225,241"/>
                <TextEquiv>
                    <Unicode>454</Unicode>
                </TextEquiv>
            </TextLine>
            <TextLine id="tr_1_tl_2" custom="readingOrder {index:1;}">
                <Coords points="577,251 653,251 651,210 632,208 628,212 615,213 575,208"/>
                <Baseline points="583,243 619,243 655,245"/>
                <TextEquiv>
                    <Unicode>PIGS.</Unicode>
                </TextEquiv>
            </TextLine>
            <TextLine id="tr_1_tl_3" custom="readingOrder {index:2;}">
                <Coords points="155,313 1065,314 1034,274 155,286"/>
                <Baseline points="162,306 207,308 252,308 297,307 343,308 388,308 433,308 478,308 524,308 569,310 614,309 659,308 705,308 750,308 795,308 840,310 886,310 931,310 976,310 1021,310 1067,308"/>
                <TextEquiv>
                    <Unicode>of these animals captured by the Sircar authorities, have been train¬</Unicode>
                </TextEquiv>
            </TextLine>
            <TextLine id="tr_1_tl_4" custom="readingOrder {index:3;}">
                <Coords points="160,355 1063,354 1063,323 952,316 160,323"/>
                <Baseline points="166,347 211,346 256,345 301,346 346,347 391,347 436,347 481,347 526,349 571,347 616,347 661,349 706,347 751,347 796,347 841,347 886,349 931,349 976,349 1021,349 1066,347"/>
                <TextEquiv>
                    <Unicode>ed for work. Large numbers die of actual starvation, in conse¬</Unicode>
                </TextEquiv>
            </TextLine>
            <TextLine id="tr_1_tl_5" custom="readingOrder {index:4;}">
                <Coords points="160,396 1067,394 1067,356 160,364"/>
                <Baseline points="166,384 211,385 256,384 301,386 346,386 391,388 436,388 482,387 527,388 572,388 617,388 662,386 707,387 752,388 798,387 843,388 888,388 933,388 978,388 1023,388 1069,386"/>
                <TextEquiv>
                    <Unicode>quence of the attendants neglecting to feed them. Sambur and</Unicode>
                </TextEquiv>
            </TextLine>
            <TextLine id="tr_1_tl_6" custom="readingOrder {index:5;}">
                <Coords points="162,432 1066,443 1066,397 162,400"/>
                <Baseline points="168,424 213,426 258,426 303,425 348,426 393,426 438,427 483,426 528,426 573,427 618,427 663,427 708,427 753,427 798,427 843,427 888,427 933,427 978,426 1023,427 1069,429"/>
                <TextEquiv>
                    <Unicode>Bison frequently fall into the Elephant traps, but should a Tiger be</Unicode>
                </TextEquiv>
            </TextLine>
            <TextLine id="tr_1_tl_7" custom="readingOrder {index:6;}">
                <Coords points="160,470 1067,480 1067,446 1028,436 160,445"/>
                <Baseline points="166,463 211,466 256,465 301,466 346,467 391,467 436,467 482,467 527,465 572,467 617,467 662,467 707,467 752,467 798,467 843,467 888,467 933,467 978,467 1023,467 1069,469"/>
                <TextEquiv>
                    <Unicode>caught, information must be immediately sent to the Rajah, when</Unicode>
                </TextEquiv>
            </TextLine>
            <TextLine id="tr_1_tl_8" custom="readingOrder {index:7;}">
                <Coords points="153,514 631,514 631,479 153,476"/>
                <Baseline points="160,502 186,502 212,504 239,504 265,504 291,504 318,504 344,504 370,504 397,506 423,506 449,504 476,505 502,506 528,506 555,506 581,506 607,506 634,506"/>
                <TextEquiv>
                    <Unicode>if he does not require it, it is shot.</Unicode>
                </TextEquiv>
            </TextLine>
            <TextLine id="tr_1_tl_9" custom="readingOrder {index:8;}">
                <Coords points="196,553 1067,560 1066,522 999,513 195,513"/>
                <Baseline points="202,541 245,542 288,543 332,544 375,545 418,545 462,543 505,545 548,544 592,545 635,546 678,545 722,546 765,547 808,545 852,545 895,545 938,545 982,545 1025,545 1069,543"/>
                <TextEquiv>
                    <Unicode>The Wild Hog, Sus scrofa, Linn. (Variety) grows to a large size in</Unicode>
                </TextEquiv>
            </TextLine>
            <TextLine id="tr_1_tl_10" custom="readingOrder {index:9;}">
                <Coords points="162,594 1065,595 1041,558 162,556"/>
                <Baseline points="168,583 215,583 262,585 309,583 357,584 404,585 451,584 499,583 546,583 593,585 641,585 688,585 735,585 783,585 830,584 877,585 925,585 972,585 1019,585 1067,585"/>
                <TextEquiv>
                    <Unicode>the jungles. The finest hog hunting in Malabar, was formerly at</Unicode>
                </TextEquiv>
            </TextLine>
            <TextLine id="tr_1_tl_11" custom="readingOrder {index:10;}">
                <Coords points="161,634 703,634 691,600 319,591 289,615 160,592"/>
                <Baseline points="166,620 192,622 219,622 246,622 273,623 300,623 327,622 354,622 381,623 408,624 435,624 461,624 488,622 515,622 542,622 569,623 596,623 623,623 650,624 677,624 704,622"/>
                <TextEquiv>
                    <Unicode>Chetwye. The flesh is very wholesome.</Unicode>
                </TextEquiv>
            </TextLine>
            <TextLine id="tr_1_tl_12" custom="readingOrder {index:11;}">
                <Coords points="190,670 1063,675 1063,636 190,639"/>
                <Baseline points="196,661 239,660 283,661 326,661 370,661 413,663 457,661 500,661 544,663 587,662 631,663 674,663 718,665 761,663 805,664 848,663 892,663 935,661 979,665 1022,665 1066,663"/>
                <TextEquiv>
                    <Unicode>Pigs (Punni, Mal.) appear to be very great favorites,* and are</Unicode>
                </TextEquiv>
            </TextLine>
            <TextLine id="tr_1_tl_13" custom="readingOrder {index:12;}">
                <Coords points="153,707 1061,714 1025,673 153,674"/>
                <Baseline points="160,698 205,700 250,700 295,701 340,702 386,701 431,702 476,702 521,700 566,702 612,702 657,702 702,702 747,702 792,702 838,702 883,702 928,702 973,702 1018,702 1064,702"/>
                <TextEquiv>
                    <Unicode>kept by many of the Native Christians, and others, as well as by the</Unicode>
                </TextEquiv>
            </TextLine>
            <TextLine id="tr_1_tl_14" custom="readingOrder {index:13;}">
                <Coords points="153,750 1066,748 1040,715 153,717"/>
                <Baseline points="160,738 205,740 250,740 296,741 341,742 386,742 432,742 477,742 522,741 568,740 613,742 658,742 704,742 749,742 794,742 840,742 885,743 930,742 976,743 1021,742 1067,744"/>
                <TextEquiv>
                    <Unicode>lowest castes of Hindus. They may be seen running around the</Unicode>
                </TextEquiv>
            </TextLine>
            <TextLine id="tr_1_tl_15" custom="readingOrder {index:14;}">
                <Coords points="153,793 1060,801 1060,760 983,750 153,755"/>
                <Baseline points="160,779 205,781 250,780 295,781 340,781 385,779 430,781 475,781 520,781 565,781 611,781 656,781 701,781 746,781 791,781 836,781 881,781 926,782 971,781 1016,782 1062,777"/>
                <TextEquiv>
                    <Unicode>houses, and are by no means clean feeders, whilst the fish that they</Unicode>
                </TextEquiv>
            </TextLine>
            <TextLine id="tr_1_tl_16" custom="readingOrder {index:15;}">
                <Coords points="153,831 1063,827 1037,793 153,793"/>
                <Baseline points="160,818 205,818 250,820 295,819 341,820 386,820 431,818 477,820 522,820 567,820 613,820 658,820 703,820 748,820 794,820 839,818 884,821 930,822 975,822 1020,820 1066,822"/>
                <TextEquiv>
                    <Unicode>are frequently allowed to eat, renders their flesh very unwholesome.</Unicode>
                </TextEquiv>
            </TextLine>
            <TextLine id="tr_1_tl_17" custom="readingOrder {index:16;}">
                <Coords points="155,866 1063,866 1063,834 977,827 155,830"/>
                <Baseline points="162,857 207,858 252,859 297,859 342,859 388,859 433,859 478,859 523,859 568,859 614,859 659,859 704,859 749,859 794,859 840,859 885,859 930,859 975,860 1020,859 1066,857"/>
                <TextEquiv>
                    <Unicode>In the neighbourhood of an oil mill, they generally get fed on</Unicode>
                </TextEquiv>
            </TextLine>
            <TextLine id="tr_1_tl_18" custom="readingOrder {index:17;}">
                <Coords points="155,906 1063,911 1063,873 1026,867 986,891 155,867"/>
                <Baseline points="162,897 207,898 252,899 297,899 342,899 388,898 433,899 478,899 523,899 568,899 614,899 659,899 704,899 749,899 794,898 840,899 885,899 930,901 975,900 1020,901 1066,899"/>
                <TextEquiv>
                    <Unicode>Poonac, or the refuse of the cocoanut, which is very fattening. Pigs</Unicode>
                </TextEquiv>
            </TextLine>
            <TextLine id="tr_1_tl_19" custom="readingOrder {index:18;}">
                <Coords points="155,947 1062,955 1062,915 998,900 155,918"/>
                <Baseline points="162,938 207,938 252,938 297,938 342,938 387,938 432,938 477,938 522,938 567,939 613,938 658,938 703,938 748,938 793,938 838,938 883,938 928,938 973,938 1018,938 1064,940"/>
                <TextEquiv>
                    <Unicode>are killed for almost all wedding feasts amongst Native Christians,</Unicode>
                </TextEquiv>
            </TextLine>
            <TextLine id="tr_1_tl_20" custom="readingOrder {index:19;}">
                <Coords points="153,986 1063,986 1048,949 153,960"/>
                <Baseline points="160,975 205,976 250,975 295,976 341,977 386,977 431,977 477,979 522,977 567,977 613,977 658,977 703,978 748,977 794,977 839,979 884,977 930,979 975,979 1020,977 1066,975"/>
                <TextEquiv>
                    <Unicode>and even Mahomedans are not unfrequently found, who eat this</Unicode>
                </TextEquiv>
            </TextLine>
            <TextLine id="tr_1_tl_21" custom="readingOrder {index:20;}">
                <Coords points="153,1029 822,1025 822,992 153,989"/>
                <Baseline points="160,1014 193,1014 226,1016 259,1016 292,1016 326,1017 359,1017 392,1016 425,1018 458,1016 492,1016 525,1016 558,1016 591,1016 624,1016 658,1016 691,1016 724,1016 757,1016 790,1017 824,1018"/>
                <TextEquiv>
                    <Unicode>unclean beast, under the denomination of Mutton,</Unicode>
                </TextEquiv>
            </TextLine>
            <TextLine id="tr_1_tl_26" custom="readingOrder {index:21;}">
                <Coords points="522,1455 563,1449 621,1455 637,1448 708,1455 708,1430 678,1430 671,1423 522,1422"/>
                <Baseline points="528,1444 554,1442 580,1442 606,1443 632,1443 658,1442 684,1443 710,1446"/>
                <TextEquiv>
                    <Unicode>oosos</Unicode>
                </TextEquiv>
            </TextLine>
            <TextEquiv>
                <Unicode></Unicode>
            </TextEquiv>
        </TextRegion>
        <TextRegion id="r" custom="readingOrder {index:1;} structure {type:footnote;}">
            <Coords points="155,1071 1089,1071 1089,1214 155,1214"/>
            <TextLine id="tr_1_tl_22" custom="readingOrder {index:0;}">
                <Coords points="174,1084 1061,1091 1061,1060 174,1060"/>
                <Baseline points="180,1075 224,1080 268,1085 312,1085 356,1085 401,1085 445,1085 489,1085 533,1085 577,1085 622,1085 666,1085 710,1083 754,1085 798,1085 843,1085 887,1085 931,1085 975,1085 1019,1085 1064,1085"/>
                <TextEquiv>
                    <Unicode>* The occupation of Swineherd, is stated by Herodotus, to have been deem-</Unicode>
                </TextEquiv>
            </TextLine>
            <TextLine id="tr_1_tl_23" custom="readingOrder {index:1;}">
                <Coords points="153,1119 1061,1123 1028,1094 153,1096"/>
                <Baseline points="160,1115 205,1116 250,1117 295,1116 340,1117 386,1117 431,1117 476,1117 521,1117 566,1117 612,1118 657,1117 702,1117 747,1117 792,1117 838,1117 883,1117 928,1117 973,1117 1018,1117 1064,1115"/>
                <TextEquiv>
                    <Unicode>ed most vile and contemptible, and the Egyptians refused persons who follow-</Unicode>
                </TextEquiv>
            </TextLine>
            <TextLine id="tr_1_tl_24" custom="readingOrder {index:2;}">
                <Coords points="155,1150 1065,1161 1056,1123 155,1123"/>
                <Baseline points="162,1146 207,1146 252,1146 297,1146 343,1146 388,1147 433,1148 478,1148 524,1148 569,1148 614,1148 659,1148 705,1148 750,1148 795,1148 840,1148 886,1148 931,1148 976,1148 1021,1148 1067,1148"/>
                <TextEquiv>
                    <Unicode>ed this occupation, admission into their temples, whilst they were spurned</Unicode>
                </TextEquiv>
            </TextLine>
            <TextLine id="tr_1_tl_25" custom="readingOrder {index:3;}">
                <Coords points="157,1191 644,1193 642,1168 590,1150 521,1167 472,1152 429,1167 410,1152 155,1161"/>
                <Baseline points="162,1177 187,1177 212,1177 238,1176 263,1176 289,1177 314,1177 339,1177 365,1177 390,1177 416,1177 441,1178 467,1179 492,1179 517,1179 543,1179 568,1179 594,1179 619,1179 645,1179"/>
                <TextEquiv>
                    <Unicode>even by the very dregs of the population.</Unicode>
                </TextEquiv>
            </TextLine>
            <TextEquiv>
                <Unicode></Unicode>
            </TextEquiv>
        </TextRegion>
    </Page>
</PcGts>
