1184 1981
534 214 640 250 CROWS.
956 209 1019 256 ﻿465
118 268 1019 322 structive in fields of that grain, Andropogon sorghum, watchers are
115 314 1023 353 obliged to be constantly kept, to frighten tliem away. These birds
118 355 1011 399 roost in enormous flocks, often in bamboo trees, and so closely pack¬
115 397 1017 449 ed, that dozens may be killed at a shot: they are very fat and good
122 433 217 474 eating.
149 466 1017 518 The family of the Crows, brings itself more into notice, than any
118 512 1017 550 other. The Indian Carrion Crow, Corvus culminatus, Sykes, (Undun
115 550 1019 586 Kaka, Mal.) is the species most frequently seen in the country, but
118 584 1016 630 excepting during the South West Monsoon it almost forsakes the town:
115 624 1011 661 its eggs are bluish, with darker spots, 1 ; x ; inches. The com¬
115 666 1017 707 mon Grey Headed Crow, Corvus splendens, Vieill. (Kaka, Mal.)
112 705 1014 738 is very numerous, and troublesome. If windows are left open un¬
120 741 1012 779 watched for a few minutes, a Crow is almost sure to walk in, to see if
118 783 1014 822 there is anything he can find to eat: not satisfied with this, he carries
115 822 1014 857 off any small articles which may be lying about, and destroys flowers
114 861 1015 912 in vases, as if for pure mischief. Even the presence of persons sitting
112 902 1007 938 at the table, will not always deter these impudent birds, from dart¬
114 939 1015 982 ing down, and seizing anything they can carry off. They appear to be
112 972 1010 1014 mating nearly all the year round.* The eggs are blotched all over
118 1017 1014 1058 with bluish brown, on a blue ground, 1 ; X „ inches in size. An
112 1059 1007 1104 instance occurred near Cochin, in which a little boy was eating a
112 1103 1011 1144 piece of bread and butter, when a large Crow darted down to take it
114 1140 1007 1180 from his hand, but the little fellow held it tightly, when the Crow
110 1179 1008 1219 determined on getting it, wounded him severely with his strong bill
118 1215 298 1265 on the hand.f
147 1250 1009 1315 Crows are very wary; the sight of a pellet bow, will scare them
527 1686 597 1725 L 2
140 1337 1005 1373 * A writer in the Calcutta Review, mentions a "curious fact, of two Crows'
115 1371 1009 1408 "nests being found, entirely and very neatly constructed, of the wires used
118 1404 727 1450 "for fastening down, the corks of soda water bottles."
140 1431 1010 1486 † Lieutenant Burgess mentions the following anecdote, which well illustrates
112 1479 1006 1517 the manners of these birds. "Some Crows had been sitting near a young dog,
112 1507 1006 1540 "watching him whilst engaged with a bone. Having apparently concerted the
114 1537 1007 1572 "plan, one of them alighted, stepped up, and took a peck at the dog’s tail; the
114 1566 1007 1602 "dog irritated, made a snap at the bully ; on which a comrade who appears
112 1600 1006 1631 "to have been ready, made a dash and went off with the prize." A Cochin
112 1627 1007 1681 dog before turning round to snap at a Crow puts his paw on the bone he is
112 1671 192 1706 eating.
