1178 1975
482 224 746 273 SALIVATING CROWS.
162 230 224 274 466
159 283 1051 329 away. If one is killed, the others make a most uproarious noise.
168 332 1017 374 They are very destructive in gardens, especially amongst creepers.
186 372 1053 414 The black plumage of the Crow, Corvus culminatus, has rendered
162 411 1055 450 him an object of aversion, to many classes of persons, even the
159 448 1057 491 Hindu Puranas, give the following legend, as one of the reasons of
154 494 515 543 its being an accursed bird.
186 519 1050 572 Chanacya,” caused eight royal brothers to be murdered, but sub¬
155 567 1050 618 sequently when his conscience smote him, he applied to the Brah¬
158 606 1051 650 mans, and requested to know how he could atone for his sins, which
154 643 625 682 they informed him was impossible.
641 642 1050 688 Subsequently as the gods and
150 687 1051 731 holy men were assembled in Indra’s presence, they were conversing
154 723 1051 768 on this subject, and one of the sages enquired of the god, what
154 760 587 804 mode of expiation was necessary.
606 764 1050 810 Indra replied, that certain severe
156 805 1047 851 religious austerities, and expiatory ceremonies must be employed,
153 846 1045 881 after which Chanacya should sail in a boat with white sails, when
156 885 1047 931 if they turned black, it would be a sure sign of the remission of his
154 922 220 974 sins.
186 959 1050 1001 A Crow was present during this conversation, who from his
154 998 1047 1043 friendly disposition, was named Mitra kaka, and it immediately
153 1036 1045 1083 carried the welcome news to Chanacya, who performed the necessary
154 1075 1047 1115 rite, (the Carshagni,) and went to Heaven. But the Crow was
156 1118 1047 1162 cursed for its indiscretion, and it and all its tribe, were forbidden
150 1156 1050 1198 ever to enter Heaven again, and doomed whilst on earth, to subsist
150 1199 301 1240 on carrion.
182 1233 1045 1276 It may be mentioned here, that the rite of Carshagni is performed
150 1275 1045 1319 at the present day, although the expense of a boat with white sails,
147 1318 1047 1362 is not generally incurred, an earthen pot being now considered
150 1351 1047 1394 sufficient, for carrying the sins of a Hindu. This is sent adrift on the
156 1386 1050 1429 Ganges, loaded with the suppliant’s misdemeanours which are expect¬
153 1435 1047 1483 ed to be either carried away, or covered by tlie waters of that holy
150 1466 263 1518 stream..
182 1502 1042 1554 A cruel experiment has been sometimes tried, of salivating, or
149 1556 1047 1594 rather mercurializing Crows, by feeding them every day with pieces
147 1579 1044 1630 of bread, in which calomel is secreted. In a few days, the poor birds"
148 1629 1046 1680 heads begin to droop, whilst their feathiers get dull, and fall off,
305 1704 827 1747 * Wilford, Asiatic Researches, Vol. 9 page 96.
