1178 1975
165 207 229 259 468
555 207 684 258 PARROTS.
162 276 526 321 middle of a ploughed field.
547 262 1076 317 but does not appear to remain long on
539 318 1071 370 It may be found at any period of the
162 321 513 363 the ground, at one time.
170 355 1071 402 year in Cochin. Its blue colour is said to have been occasioned by
162 394 1070 439 standing on Siva’s neck at the time he was poisoned, and as the
166 434 1073 479 blue line showed itself on the Deity’s throat, the colour of the Rolla
168 473 519 522 also acquired a blue tinge.
200 506 1081 558 An old traveller in the East, has often been accused of a wilful
171 554 1074 600 perversion of facts, because lie asserted that he had seen a bird
170 594 1074 638 with two heads: but no doubt he meant one of the Hornbills,
166 633 1076 674 Homraius bicornis, Linn., (Veshambel, Mal.) which are sometimes
174 671 1073 713 seen flying about in the Malabar forests. It is called the Garuda,
171 711 1076 751 and is sacred to Vishnu, holding the same position with some tribes
176 746 1074 787 of Hindus, as the Brahmanee Kite, Haliastur Indus, does with the
174 788 1076 827 generality of the worshippers of that Deity. The male bird, in
170 827 1074 866 order to insure the female’s not quitting the nest, during the period
170 865 1077 906 of incubation, blocks up the opening, into the hollow tree, in which
171 900 1076 943 the nest is constructed, leaving only a small cavity, through which
176 943 1077 991 he feeds her. Hornbills are believed to feed with impunity on the
179 981 1078 1025 poisonous-seeds of the Nux vomica, which abounds in the Cochin
174 1019 1075 1066 territory. Paoli mentions, amongst his observations in Malabar,
174 1057 485 1104 that it devours snakes.
205 1090 1076 1145 The Pied Hornbill, Hydrocissa coronata, Bodd., is the most com¬
171 1138 1076 1178 mon species found here. One was observed in confinement who always
178 1178 1074 1217 when a plantain was given him, threw it up, caught it again length¬
178 1212 578 1255 ways, and swallowed it whole.
207 1253 1081 1294 The tribe of Climbers, Scansores, are very numerous, beautiful
176 1287 387 1345 and interesting.
208 1318 1082 1378 Parrots (Thatta, Mal.) are amongst the most common of all
178 1369 1079 1411 Indian birds, and are caught in large numbers for sale.* The Rose
179 1403 1078 1451 Ringed Parrokeet, Palaornis torquatus, Briss., the Blue Winged
178 1446 1079 1504 Parrokeet, P. Columboides, Vigors, the Plum or Blue Headed Par¬
211 1539 1081 1572 * Amongst the Psittacinœ, or short square tailed true parrots, the Indian species
171 1559 1078 1605 are not loquacious: none could compete with the following pair which belonged
176 1603 1078 1638 "to a serious old lady, one of which (a recent acquisition,) having bestowed
174 1629 1076 1665 "some hearty forecastle curses upon his mistress, the other, whose education
179 1667 1082 1699 "had been better attended to, immediately followed with the pious response,
170 1696 676 1746 ""We beseech thee to hear us, good Lord."
