1184 1981
510 206 639 249 PIGEONS.
964 198 1028 247 ﻿471
124 255 1022 310 and one only about 7 feet from the ground, but their colour had
130 311 557 362 screened them from observation.
153 351 1022 398 The Cochin territory must be considered as very well supplied
124 398 1022 434 with Fowls and Pigeons, though the Spurred Partridge, Francolinus
119 436 1023 475 Ponticerianus, Gray, also called the Scavenger Partridge, is not
122 472 1017 512 abundant, the latter name is very applicable as regards its habits.
124 511 1019 554 The Rock Pigeon, Pterocles exustus, Temm., the Painted Rock Pigeon,
124 551 1012 599 P.quadricinctus, Temm., and the Painted Partridge, appear unknown."
119 591 1015 626 But the Peafowl, Pavo cristatus, Linn., the Jungle Fowl, Gallus Son¬
122 627 1022 671 neratii, Temm., (Kattucoli, Mal.) and the Spur Fowl, Francolinus
119 667 1022 711 spadiceus, Lath., are very numerous. The Peafowl, (Miloo, Mal.) in
119 710 1019 751 the jungles, often warns sportsmen of the vicinity of tigers, as when
116 743 1019 783 several of these birds are congregated together, one of these animals
122 784 403 835 is seldom far distant.
146 830 1014 880 Different species of Quails, Coturnix, (Cada, Mal.) though small,
116 874 1011 913 afford good sport, when larger game is unattainable. The pretty
116 911 1019 946 little Button Quail, Ortygis Dussumierii, Temm., is occasionally to be
118 947 248 996 procured.
146 990 1014 1044 Pigeons, (Prow, Mal.) as might be anticipated, are very numerous,
111 1037 1014 1080 and when the cashew nuts begin to ripen, they come in flocks from
118 1078 1018 1114 the ghauts, to feast on them. Perhaps the most beautiful species
114 1116 1018 1163 is the Imperial green variety, Carpophaga onea, Auct., (Cuila,
118 1150 1012 1194 Mal.) which is about a foot and a half in length. It may be killed in
116 1195 1011 1232 the beginning of September at Trichoor, but does not appear in any
110 1233 1014 1266 numbers, until November or December. The Green Pigeon, Vinago
114 1272 1011 1308 mililaris, Jerd., (Choola, Mal.) is very common in some seasons. It
118 1306 1009 1353 comes in September, the smallest variety with the purple on their
116 1349 622 1393 wings, first making their appearance.
645 1345 1011 1393 The common Blue Pigeon,
114 1386 1010 1431 Columba onas, Linn., is very numerous, and often shot when perch¬
114 1422 631 1463 ed on the top of one of the Travellers
646 1425 1011 1474 Bungalows. The prettiest
111 1466 1006 1504 dove is one with bronze wings, Imperial Dove, C. Tavanica, Jerd.,
111 1504 516 1553 which is very common inland.
137 1579 1011 1630 * The Painted Snipe is found in considerable numbers, on a large tract of land,
111 1625 1011 1659 near Tellicherry, but appears rarely to go further south. It is by no means
108 1657 1009 1697 common around Cannanore. The Shikarees say that it remains all the year
111 1686 563 1716 round. It is also found at Palanicotta.
