1178 1975
363 205 901 262 SACRED CHARACTER OF THE CROCODILE.
180 214 247 252 478
176 264 1083 314 their aid, who seized the line with one hand, and ran his other
180 315 1086 353 down it, to catch the fish by its gills. But unfortunately the prize
188 351 1088 404 proved to be a Crocodile, which seized the man’s forearm, when the
180 390 1086 434 boys with great presence of mind, cut the fishing line, and the animal
181 435 905 478 carried off the hand, but the man did not lose his life.
217 466 1088 516 Within the space of a month, two girls were separately pursued
173 513 1084 553 by a Crocodile, the first he caught by the forearm, but before he
181 554 1084 592 could secure his prey, some men hearing her cries ran to her assist¬
181 593 1084 633 ance and she was rescued with the loss of an arm. In the second in¬
184 627 1090 675 stance, the girl escaped altogether, and within a few days, the Crocodile
186 675 536 715 was taken and despatched.
217 700 1094 747 The size of this animal is often very great, and though personal
184 748 1094 788 observation is limited to 18 or 20 feet, the natives declare that it
188 787 1094 834 grows to 30. In the British Museum, is a skull of one of these
189 826 1094 874 creatures, 26 inches long, which the gentleman who presented it,
186 866 1089 906 stated was taken from the body of one 33 feet in length. Another
181 909 1098 952 skull in the same collection, is 3 inches longer. At any rate its
189 946 1097 991 strength is so enormous, that it has been seen to carry a full grown
189 986 1100 1025 Buffaloe across a piece of water. As might be anticipated, such
189 1031 760 1081 enormous animals, are difficult to capture.
225 1073 1097 1110 The Crocodile is in many places considered sacred, as it was also
189 1109 1098 1154 in Egypt, where it was reputed to have 365 teeth. In Malabar
192 1154 1098 1186 although one hears nothing about the number of its dental appen¬
189 1190 1097 1228 dages, it is a common belief, that it swallows a stone every year of
186 1227 1097 1273 its life, and thus after its death, the number of seasons it has seen,
188 1267 1100 1311 may be reckoned up from the stones in its stomach. Representations
189 1310 1100 1353 of this animal’s head, are seen adorning the balustrades of the bridges,
189 1351 1100 1386 leading to the Rajah’s palace at Tripoonterah, which is curious, con¬
194 1389 1099 1444 sidering that in Rangoon, before it was bombarded in 1852, the same
222 1487 1102 1526 * In Africa Mr. MeGregor Laird, states that Natives run a spear through
194 1517 1100 1554 Crocodiles tails, when they can catch them asleep. The captor holds on to the
196 1553 1108 1587 spear, whilst the captive twists around as if on a spit. Now a second Native
196 1586 1105 1619 rushes to the scene of strife, and endeavours to despatch the game. In India
196 1613 1105 1652 this plan would hardly succeed, as the Crocodile’s tail is too well protected to
197 1648 1106 1683 be securely pivoted through, besides he is not a sound sleeper, whilst his
194 1677 1108 1720 strength is too great to be held by a spear, thrust through into the ground,
196 1715 822 1760 and merely pressed down by the weight of one man.
