1184 1973
153 198 217 242 492
511 205 717 249 CRAB FISHING.
155 257 1062 308 This is carried on all through the year, and the size of some of the
157 307 584 350 Bagri thus caught is enormous.
186 350 1066 392 Night and day lines, are not much in vogue, which is rather strange,
157 387 1066 426 as the returns would probably be great. Fly fishing in the rivers of
160 426 1068 466 Cochin, does not afford large sport ; but small fish may be caught in
160 464 1070 509 numbers, and it is certainly a pleasure again to cast an English fly,
160 507 807 554 and land a fish, however small the prize may be.
191 547 1068 585 Fish are shot in various ways, by a Chittagong bamboo, which is
155 587 1065 622 a hollow tube, down which the arrow is propelled by the marks¬
159 626 1068 665 man’s mouth. This mode is sometimes very remunerative, and is
157 666 1068 707 followed by persons who quietly sneak along the shores, either of
165 708 1068 750 sluggish streams, or of the Backwater, sometimes they climb up into
159 749 1065 782 trees, and there await a good shot. Or during tlie monsoon, the sports¬
162 789 1066 833 man quietly seats himself near some narrow channel, that passes
165 825 1061 864 from one wide piece of water into another and watches for his prey.
194 862 1074 911 Other Fishermen shoot with bows and arrows, and again others
161 893 1073 942 with cross bows, the iron arrow or bolt of which, is attached by a
165 937 709 978 line to the bow, to prevent its being lost.
194 974 1074 1024 But netting fish, catching them with hooks, or shooting them
167 1023 1073 1060 with arrows, are not the only means employed for their capture.
162 1057 1070 1102 Bamboo labyrinths, bamboo baskets, and even men’s hands alone,
165 1101 436 1146 are called into use.
201 1139 1076 1183 Persons fish for crabs* in shallow brackish water, provided with
162 1183 1074 1217 baskets like those employed in Europe for catching eels, but open
162 1218 1074 1257 at both ends. The Fishermen walk about in the mud, and when
165 1256 1074 1292 they feel a fish move, endeavour to cover it with the larger end of
173 1296 1076 1335 the basket, which is forced down some distance into the mud, and
169 1337 1077 1377 the hand is then passed dowuwards through the upper extremity,
169 1374 475 1411 and the fisli taken out.
202 1412 1076 1454 Another plan of catching them by the hand, is by having two
167 1454 1070 1494 lines to which wbite cocoanut leaves are attached, tied to the Fish¬
170 1494 1074 1535 erman’s two great toes, from which they diverge: the other end of
170 1535 1074 1569 each, being held by another man a good way off, and some distance
214 1609 1076 1640 * As the Zoological portion of this work, is intended more for popular read-
170 1640 1078 1675 ing, than as a scientific treatise, the manner of catching crustaceæ, has been
178 1673 1081 1718 placed in the chapter on Fish, and amongst the various methods of fishing,
173 1702 542 1738 instead of amongst the radiatæ.
