1184 1981
929 202 991 258 515
434 208 656 270 TIGER BEETLES.
130 263 986 320 Besides the seasons, other causes are in operation, regulating the
92 324 990 361 distribution of insects; thus, amongst the Beetles,* the great mass
92 362 990 402 of Cicindelido are found along the sea shore, and the Scorpion beetle,
93 401 987 436 (Anthia 6-guttata) prolific on the mountainous ghauts, is unknown
92 438 984 481 in the plains. This Geographical limitation, is perceptible in many
92 478 986 523 other forms of insect life, and though many species have a most exten¬
93 515 974 555 sive range, there are others with a most circumscribed distribution.
126 556 984 598 The Beetles, Coleoptere,f form a numerous family, not only on ac¬
92 594 991 635 count of the number of their generoe, but also in respect of the
92 636 990 674 infinity of individuals belonging to each. Some are employed as
93 675 987 718 medicine, others as food, some are admired for their brilliant colours,
92 715 981 750 and again others are dreaded for the mischief they occasion, especial¬
93 753 989 789 ly amongst the Cocoanut trees, which form much of the wealth of this
92 796 986 837 portion of India. Whilst some destroy the rice which is being kept
88 830 987 869 for human food, or the Ginger in readiness for export to European
88 869 990 910 markets, others again clear away dead animal substances, and thus
92 908 987 954 prevent much of the unwholesome taint, which the atmosplere might
88 946 986 987 receive therefrom. Cocoanut beetles vary in different localities.
92 988 990 1026 In Ceylont the dreaded Cocoanut beetle, is of the Long Horned
90 1025 986 1072 species, Longecornia, and in South Travancore a Longirostral
88 1063 986 1099 curculio, is accused of causing the mischief, but in North Travancore
90 1106 983 1147 and Cochin, the Heliocopris midas, has the credit of it. But it
90 1139 986 1179 must be remembered, that some species attack the stem, and cause
88 1179 978 1224 it to become rotten, whilst others attach themselves to the leaves,
84 1220 973 1264 and others again fix themselves to the summit of the tree, and des¬
88 1257 614 1305 troy the portion known as the cabbage.
121 1299 983 1345 Along the sea shore, a beautiful and most numerous species of
90 1338 979 1379 Cicindela, (C. Biramosa, Fab.) may be found, its long legs assist it
84 1373 977 1417 in jumping about most actively, whilst its bright purple under¬
121 1442 975 1475 * A large collection of Coleopterœ, has been personally made in Malabar;
85 1462 873 1505 amongst which are specimens, of every species named in these pages.
118 1505 977 1543 † Amongst much valuable information on insects, and shells, kindly furnish-
82 1538 980 1568 ed me by W. H. Benson, Esq., and included in these pages, I am also indebted
84 1568 969 1601 to him for the knowledge, that Cajeput oil, is the best preservative in collec-
84 1596 977 1633 tions of insects, against the depredations to which they are so subject, especial-
80 1627 978 1663 ly within the tropics. A few drops on a piece of sponge, renewed every three or
85 1663 794 1705 four months, in each tray will be found to be most efficacious.
112 1693 490 1750 ‡ Sir Emerson Tennent, Ceylon.
