1184 1973
570 202 752 249 WHITE ANTS.
206 199 270 244 522
213 260 1110 314 pits which thcy form in the sand, may be seen at the side of paths,
206 308 1109 344 and sandy spots of ground, and should an ant or other small insect
211 345 1113 385 fall in, it instantly disappears in a shower of sand, discharged at it
206 380 1112 425 by the hidden occupant of the trap. It is said that in order to ob¬
211 425 1112 473 tain a satisfactory answer to any request, the internal administration
206 467 1115 503 of an ant Lion is a capital specific, given to the party from whom
209 506 511 554 the benefit is required.
238 547 1117 584 Amongst the net winged insects, (Dictyotoptera) are the beautiful
206 585 1115 626 Dragon Flies, Libellulide, they may be seen in all directions, of most
209 619 1112 673 varied and gorgcous hues, which however decrease in brllliancy
203 659 1117 700 after death. Some have crimson bodies, some blue, or yellow, and
206 701 1117 741 others orange, or yellow and blue, in fact there is scarcely any shade
213 739 1115 787 of colour of which they may not be perceived, whilst the size of the
209 781 1112 824 species, is very varied.* One of the most destructive of Indian in¬
209 821 1114 860 sects, is the Termite, or White Ant, (Curriaan, or cheddel, Mal.) it is
206 858 1117 905 found in British Cochin, but owing to the sandy nature of the soil,
211 899 1113 940 its communitics do not erect the large nests, which are common in
211 937 1117 985 the Native state and elsewhere. As they never work in the light,
213 980 1115 1019 they prefer rooms which are kept dark, especially if the floors are
206 1016 1115 1053 made of mud, and they destroy everything they are capable of mas¬
212 1061 1113 1105 ticating. Thcy construct their nests of mud prepared in their
209 1099 1117 1146 mouths, and covered with a sticky secretion : and form covered
211 1141 1116 1187 passages along which they reach any object they intend to consume ;
211 1179 1113 1216 or else they glue boxes or other objects to the floor, and then com¬
206 1222 1113 1257 mence their destruction. They ascend trees in the same manner, re¬
211 1257 1123 1305 moving the bark, and destroying their vitality. It is not uncommon
211 1298 1119 1338 to see one of these raised galleries, commenced in the centre of a
211 1337 1117 1378 floor, and carried up as much as a foot from the ground, and then
213 1378 1119 1418 forsaken : it appears that they sometimes raise these, in hopes of
213 1420 1119 1463 finding some edible substance, but failing in doing so forsake them,
215 1458 804 1498 and retire to some more favourable locality.
246 1492 1115 1540 Although white ants may occasionally destroy boxes, and articles,
215 1537 1115 1578 left upon the floor, in one night, such is of rare occurrence, as they
211 1581 1119 1618 are generally at least twelve hours in glueing objects down, with
213 1615 1121 1659 their gummy fine sand, before they commence eating them : thus
266 1675 1121 1707 * Dragon flies in confinement soon die. Col. Pringle states that a specific
211 1708 588 1745 for this is to cut off their heads.
