1184 1981
907 207 961 258 527
408 211 643 265 THE CENTIPEDES.
72 278 965 326 L. niveo-fasciata, Temp., which is particularly active in the monsoon
70 326 965 361 time : inland a darker variety, L. Niger, Temp., is more common,
70 361 957 406 but not less active in its depredations. These insects are exceeding
72 401 962 447 ly destructive to books, in which they bore small circular holes, and
67 442 963 480 cutting laterally, remove pieces of the leaves. Clothies are eaten by
67 476 965 519 them in numerous little slits, as if snipped with a pair of scissors,
67 517 965 560 but in this process, a small elater bears its share. They appear to
70 559 969 600 be remarkably fond of country paper, on which no records intended
67 598 963 643 for preservation, should ever be written : they do not destroy eithei
67 636 968 673 French, or English foolscap, to any great extent. It is said (but no
72 675 964 719 doubt incorrectly,) that the Portuguese introduced these little crea¬
72 715 971 760 tures, but the species found in the old Portuguese Fort of Cochin
72 759 964 792 and at the houses at Kurriavanoor, and other places, are not the same.
72 796 968 829 The best preservatives against them, are camphor wood boxes, and
67 829 969 877 turpentine, perhaps the oil of cajepnt might also succeed. It is said
72 877 971 910 that placing leaves of the neem tree, between some of the pages of
74 908 972 953 books, will keep them away, but this certainly is not invariably the
72 948 970 986 case. The Spring Tails, Podurida, are perceived principally in
72 988 970 1025 moist places. The Wool devouring Mallophaga, and the unarmed
72 1020 968 1070 tailed Anoplura, order of insects, are common amongst birds’ fea¬
72 1070 970 1110 thers, the fur of animals, or as parasites, and although some are
72 1107 875 1148 troublesome, none are very attractive in their outward forms.
106 1145 968 1193 Amongst the Myriapods, the Centipedes, are exceedingly nume¬
74 1186 972 1229 rous, but not very venomous in the town of Cochin. They are not
74 1228 972 1266 frequently seen, as they live under stones, and in other congenial
82 1266 974 1300 spots, or enclosed within the folds of shawls, &c. Their bite causes
72 1307 970 1341 severe pain, which often continues for some hours. Swarms of the
80 1342 972 1379 Iulus, are perceived in the moist cold months, in communities of
75 1379 971 1419 hundreds at a time. When bruized in vinegar, they are regarded as ir¬
75 1419 953 1465 ritants, whilst their other ill effects have already been alluded to.
103 1464 969 1501 The Arachnidoe, or Spiders, and Scorpions, are very numerous,
78 1498 975 1537 both in the sub-classes, and divisions. The Spiders are a class which
75 1538 971 1579 require working out, as tribes hitherto undescribed“ would reward
106 1611 971 1643 * It would be most desirable if Spiders could be safely transmitted uninjured
75 1643 968 1672 to Europe for examination. But they loose their colour in spirit, or Glycerine
78 1670 975 1711 and then their interest is much diminished. The numbers instead of being enu-
78 1708 874 1761 merated by tens, and twenties, would be found to consist of hundreds.
